3005 4955
1056 410 1433 476 ...41--2

123 556 275 618 tero
306 569 524 629 anno,
572 550 935 618 Camillum
989 549 1215 636 ipsum
1266 553 1674 622 dictatorem
1718 556 2060 625 refectum
2109 566 2182 629 et
2223 583 2331 630 se-

120 672 367 737 natum
388 686 513 752 per
542 660 856 749 ingentia
883 668 1262 747 certamina
1289 688 1440 737 esse
1482 671 1729 749 victOS‚
1778 677 1852 739 ut
1928 676 2334 758 rogationes

125 782 521 850 tribuniciae
555 783 1074 868 acciperentur.
1133 785 1209 850 Id
1242 780 1410 853 *vero
1441 807 1562 853 seu
1593 789 1892 856 fortunae
1917 810 2038 858 seu
2062 793 2336 878 sapien-

126 897 246 964 tiae
278 898 589 965 virorum
618 918 922 989 ¹suorum
949 902 1172 968 Roma
1216 902 1475 979 debuit,
1507 906 1608 982 ut,
1645 923 1856 989 quum
1873 907 2067 989 quasi
2105 908 2334 975 duello
2387 927 2391 930 ⁴

128 1017 558 1097 comparatae
601 1014 759 1080 duae
808 1031 1097 1080 summae
1154 1019 1529 1100 potestates
1567 1020 1821 1090 essent,
1855 1037 1998 1084 non
2045 1019 2141 1097 vi,
2172 1039 2331 1105 quae

126 1131 452 1214 utrinque
484 1129 790 1195 maxima
811 1128 968 1209 fuit,
992 1131 1114 1196 sed
1138 1131 1506 1197 concordia
1565 1132 1891 1205 ordinum
1937 1109 2087 1199 rem
2134 1153 2329 1219 pere-

128 1244 496 1336 gerint(1).

749 1464 930 1556 S'VI.
956 1503 1047 1517 —
1084 1472 1184 1536 De
1200 1466 1376 1556 jure
1402 1465 1700 1536 auxilii.

139 1697 145 1705 ’
207 1707 303 1770 Μ.
350 1705 634 1793 TulliuS,
681 1708 913 1787 legem
978 1709 1063 1774 de
1105 1709 1402 1777 tribunis
1455 1711 1673 1795 plebis
1731 1713 1896 1779 dum
1943 1694 2313 1798 concipere

124 1826 370 1899 tentat,
403 1823 513 1890 his
543 1825 777 1892 verbis
802 1827 1113 1893 orditur:
1145 1827 1426 1894 «Plebes
1452 1847 1627 1913 quos
1666 1848 1792 1915 pro
1824 1848 1901 1895 se
1923 1833 2159 1895 contra
2184 1828 2328 1892 vim

131 1964 159 1999 »
186 1937 424 2004 auxilii
442 1956 615 2019 ergo
632 1939 869 2005 decem
888 1941 1179 2020 creassit
1210 1942 1469 2008 tribuni
1486 1944 1639 2026 ejus
1662 1946 1866 2009 sunto
1893 1942 2007 2030 (2).
2032 1970 2060 2002 »
2081 1943 2320 2008 Livius

129 2054 330 2122 etiam
368 2054 606 2121 auxilii
640 2054 964 2121 lationem
988 2062 1231 2123 contra
1252 2058 1577 2124 consules
1599 2058 2009 2143 praecipuum
2039 2060 2157 2141 jns
2184 2058 2326 2144 pri-

126 2188 393 2236 morum
424 2169 859 2237 tribunorum
889 2172 1110 2256 plebis
1136 2172 1352 2239 fuisse
1393 2172 1634 2265 statuit
1684 2172 1793 2261 (3).
1847 2175 2084 2258 Neque
2117 2174 2318 2241 aliter

125 2305 237 2359 res
272 2306 347 2355 se
396 2289 657 2355 habere
679 2279 979 2375 poterat,
1012 2294 1325 2373 tempore
1368 2308 1512 2373 quo
1550 2309 1694 2356 aere
1740 2291 1965 2357 alieno
1985 2309 2320 2376 oppressa

121 2403 400 2487 plebsin
424 2407 726 2470 Montem
776 2405 1062 2471 Sacrum
1117 2405 1425 2482 secessit,
1475 2409 1552 2471 ut
1605 2407 1879 2473 decreta
1943 2406 2311 2473 consulum

123 2525 362 2586 contra
422 2521 793 2599 debitores,
826 2540 1122 2587 nervum
1151 2524 1220 2588 et
1255 2539 1609 2588 carcerem
1637 2522 2002 2607 patricium
2049 2523 2314 2604 effug-e-

124 2638 227 2701 ret
268 2632 379 2720 (4).
424 2636 899 2703 Praesentibus
942 2635 1143 2701 malis
1183 2636 1526 2702 medicina
1568 2654 1650 2702 ea
1699 2636 1991 2720 quaesita
2035 2640 2142 2702 est
2192 2635 2310 2721 (5),

125 2756 198 2818 ut
240 2752 498 2819 tribuni
542 2756 825 2838 possent
890 2747 1196 2836 plebeios
1260 2752 1333 2817 in
1388 2750 1774 2818 libertatem
1814 2752 2196 2827 vindicare,
2252 2751 2306 2816 si

126 2866 390 2949 quando
422 2865 588 2931 nexi
639 2869 759 2931 aut
788 2864 1041 2931 addicti
1083 2859 1531 2942 ducerentur,
1589 2882 1720 2930 nec
1766 2883 1910 2931 non
1937 2869 2007 2931 et
2043 2865 2310 2948 judicio

125 2978 636 3066 ipsilconsulum
680 2979 1128 3057 intercedere,
1152 2983 1220 3045 et
1243 2983 1479 3045 vetare
1513 2998 1601 3045 ne
1630 2979 1938 3063 plebeius
1996 2978 2071 3076 in
2098 2979 2216 3061 Jus
2255 2998 2298 3045 a

124 3095 402 3180 patricio
451 3098 812 3181 raperetur
848 3092 962 3182 (6).
1013 3096 1183 3161 Haec
1250 3093 1379 3161 fuit
1433 3094 1911 3179 antiquissima
1961 3094 2308 3162 tribunicii

128 3211 358 3278 auxilii
383 3211 637 3278 forma.

209 3305 338 3393 Sed
364 3327 576 3394 tutela
608 3325 1097 3413 pauperiorum
1123 3328 1191 3393 et
1230 3326 1619 3396 debitorum
1644 3331 2061 3413 potestatem
2095 3328 2310 3395 tribu-

128 3440 370 3510 niciam
415 3442 631 3512 fuisse
666 3442 968 3529 primum
1015 3442 1632 3528 circumscriptam,
1683 3461 1907 3527 neque
1952 3442 2040 3508 ad
2100 3441 2313 3508 ullam

191 3817 251 3886 (1)
279 3822 463 3884 Liviae,
497 3822 592 3873 VI.
628 3828 698 3873 42.

189 3903 256 3976 (2)
285 3909 415 3971 Cic.‚
448 3910 520 3962 De
549 3910 750 3978 legibus,
781 3911 877 3972 111,
909 3917 952 3961 3.

188 3989 263 4063 (3)
290 3997 477 4057 Livius,
510 3999 581 4059 11,
615 4004 686 4049 33.

190 4078 249 4152 (4)
281 4084 508 4148 Sallust„
536 4086 738 4154 Fraqm.
769 4089 911 4148 laiso„
943 4089 986 4152 Ι,
1018 4096 1044 4139 8
1071 4106 1135 4140 ou
1166 4093 1235 4140 10.
1266 4111 1338 4125 -
1365 4085 1498 4149 Cic.‚
1528 4087 1602 4140 De
1628 4106 1756 4155 rep„
1788 4088 1857 4149 11,
1887 4093 1958 4139 33⁴

192 4162 252 4236 (u)
281 4170 409 4234 Cic.‚
440 4172 510 4225 Do
536 4192 662 4242 rep„
694 4175 764 4236 ΙΙ,
796 4182 866 4227 3⁴.
952 4169 953 4172 ’
1010 4187 1011 4190 ’
1472 4175 1475 4177 ’

195 4253 257 4325 (6)
287 4260 574 4328 Dionysius,
604 4265 700 4326 vl,
729 4271 783 4317 87
810 4273 861 4316 et
888 4263 1009 4327 vn,
1043 4271 1114 4317 201
