3005 4955
1555 339 1868 408 ²..ss—

619 480 936 554 definitos
972 484 1087 575 (1).
1140 476 1448 554 Rusticae
1490 489 1723 554 autem
1776 496 2062 553 crevere
2123 494 2423 570 semper,
2481 488 2815 573 tanquam

619 605 820 670 vetus
857 602 974 669 illa
1008 603 1294 670 Claudia
1328 607 1523 670 trans
1550 603 1889 670 Anienem
1920 603 2079 685 sita,
2116 601 2407 687 adjectis
2443 602 2646 669 novis
2678 603 2823 670 tri-

568 777 573 783 .
621 719 897 787 bulibus
928 716 1042 805 (2).

708 836 876 902 Haec
906 834 1338 902 incrementa
1366 833 1653 902 rusticae
1675 835 1895 922 plebis
1924 835 2036 901 vel
2074 834 2500 920 praecipuam
2529 850 2823 901 causam

621 949 839 1018 fuisse
860 948 1276 1016 crediderim
1295 969 1420 1016 cur
1448 951 1642 1034 plebs
1667 950 1741 1016 in
1760 950 2066 1016 Mentem
2096 946 2383 1016 Sacrum
2416 950 2820 1031 secesserit,

625 1064 891 1148 sibique
915 1065 1079 1147 jura
1097 1064 1691 1155 magistratusque
1738 1079 1906 1132 ausa
1927 1060 2018 1131 sit
2043 1060 2451 1148 deposcere,
2478 1069 2548 1132 et
2575 1082 2825 1133 creare

624 1180 944 1246 valuerit.
987 1182 1067 1244 In
1097 1180 1232 1248 illis
1265 1177 1569 1246 sedecim
1617 1179 1775 1263 agri
1808 1178 2080 1246 romani
2128 1180 2443 1264 partibus
2485 1181 2829 1249 vivebant

626 1296 962 1380 agricolae
1015 1296 1132 1380 qui
1177 1296 1251 1362 in
1319 1296 1588 1363 civibus
1640 1296 1950 1362 romanis
2004 1295 2498 1377 censebantur,
2555 1288 2829 1364 trib‘uta

625 1412 1049 1499 pendebant,
1082 1417 1378 1503 quatuor
1409 1412 1726 1494 legiones
1755 1411 2083 1480 romanas
2115 1413 2482 1498 explebant
2511 1414 2824 1480 nomini-

629 1526 760 1597 bus
791 1528 1036 1596 dandis
1071 1527 1185 1618 (3).
1228 1530 1559 1606 Quamvis
1595 1534 1826 1597 autem
1879 1530 1966 1594 ad
2015 1530 2242 1594 omnia
2286 1530 2543 1595 civium
2591 1528 2835 1596 officia

625 1642 766 1728 apti
797 1661 878 1710 ac
916 1646 1216 1730 prompti
1257 1649 1520 1725 essent,
1558 1664 1769 1730 quum
1814 1663 1943 1711 nec
1974 1640 2303 1728 gentibus
2359 1645 2824 1730 patriciorum

622 1778 763 1833 nec,
786 1760 1121 1828 clientelis
1142 1756 1378 1829 esse'nt
1403 1762 1761 1848 adscripti,
1781 1762 1853 1828 in
1873 1763 1957 1828 tri
1967 1762 2405 1844 gintacuriis
2426 1776 2568 1828 non
2589 1766 2820 1830 erant.

628 1869 792 1943 Ideo
813 1895 941 1942 nec
951 1877 1112 1959 jura
1132 1876 1497 1953 Quiritium
1519 1878 1966 1955 exercebant,
1990 1893 2215 1960 neque
2235 1876 2322 1941 ad
2345 1894 2543 1942 sacra
2557 1877 2834 1945 urbana

633 1988 1197 2069 admittebantur,
1235 2010 1463 2074 neque
1493 1972 1804 2075 auspicia
1834 2008 2108 2076 capere,
2144 2010 2367 2074 neque
2419 1992 2626 2057 ullam
2657 2009 2833 2076 par-

632 2111 772 2173 tem
797 2108 1197 2192 reipublicae
1227 2102 1715 2174 administrare
1747 2111 2090 2195 poterant.
2165 2110 2312 2174 Hoc
2367 2126 2448 2174 eo
2499 2110 2834 2176 intolera-

632 2221 844 2295 bilius
872 2222 1100 2288 visum
1129 2225 1255 2303 est,
1287 2222 1472 2308 quod
1501 2223 1700 2306 plebs
1720 2223 1982 2289 rustica
2003 2241 2225 2309 neque
2256 2222 2559 2290 demisso
2594 2216 2832 2292 animo

634 2338 791 2418 fuit,
842 2357 1064 2423 neque
1130 2337 1360 2425 inopS,
1419 2357 1644 2424 neque
1702 2337 2045 2406 libertatis
2107 2340 2382 2421 ignara.
2443 2341 2679 2407 Livius
2734 2342 2830 2429 (4)

637 2450 917 2539 scripsit
954 2455 1273 2521 fortunas
1318 2436 1795 2541 patriciorum,
1837 2446 2092 2541 'primis
2129 2456 2540 2542 'reipublicae
2580 2457 2835 2526 liberae

635 2569 1091 2655 temporibUS,
1118 2571 1493 2636 maximam
1519 2574 1787 2657 partem
1817 2573 2262 2659 possessione
2320 2592 2653 2656 agrorum
2704 2594 2844 2660 pu-

636 2679 977 2754 blicorum
1005 2687 1304 2766 stetisse,
1326 2687 1443 2772 qui
1478 2688 1691 2753 armis
1722 2693 1959 2755 essent
1989 2689 2167 2775 parti
2183 2707 2201 2772 3
2236 2708 2325 2755 ex
2351 2690 2600 2756 iisdem
2633 2689 2838 2773 agris

636 2801 903 2867 nullam
935 2802 1078 2869 fere
1102 2807 1372 2888 partem
1406 2804 1707 2885 venisse,
1744 2823 1967 2889 neque
2004 2805 2438 2887 assignatam
2469 2805 2686 2871 fuisse
2718 2824 2839 2872 co-

635 2913 848 2997 lonis,
903 2934 1059 3004 quae
1110 2937 1253 2985 non
1307 2918 1736 3015 plebeiorum
1794 2924 1999 3032 esset..
2062 2920 2247 2985 Freti
2292 2921 2436 3018 ‚soli
2496 2921 2833 3000 dominiO,

638 3033 820 3116 quod
856 3032 1033 3099 solet
1090 3035 1358 3099 animos
1408 3035 1495 3098 ad
1531 3034 1922 3101 libertatem
1972 3035 2276 3117 erigere,
2338 3036 2582 3102 rustici
2642 3038 2839 3104 cives

638 3148 935 3232 injurias
975 3148 1312 3213 nobilium
1364 3147 1793 3215 urbanorum
1849 3168 1989 3216 non
2038 3153 2360 3234 poterant
2422 3150 2587 3236 pati.
2648 3154 2839 3228 Quas

640 3269 719 3332 ut
750 3264 1227 3345 retunderent,
1263 3265 1337 3330 in
1389 3267 1697 3331 Montem
1750 3266 2037 3332 Sacrum
2102 3270 2568 3345 secesserunt,
2635 3271 2838 3336 trans

640 3381 1005 3458 Anienem,
1041 3380 1241 3445 tertio
1291 3382 1376 3447 ab
1420 3382 1594 3447 urbe
1640 3381 1988 3462 milliario,
2031 3368 2173 3449 non
2220 3382 2463 3468 procul
2502 3400 2543 3448 a
2576 3383 2838 3452 finibus

642 3494 1202 3576 Crustumerinis.
1235 3497 1461 3563 Varro
1486 3496 1696 3562 etiam
1726 3481 2198 3565 secessionem
2226 3498 2409 3564 hanc
2432 3499 2835 3568 Crustume-

718 3834 778 3913 (1)
807 3841 1022 3909 Gellius,
1053 3843 1205 3913 ΧΙΠ,
1233 3849 1309 3901 ‚u-
1340 3845 1484 3910 Tac„
1514 3825 1751 3910 ssmles,
1780 3843 1903 3910 ΧΠ,
1930 3850 2081 3907 23-24·
2114 3842 2293 3908 Vasa,
2324 3842 2385 3894 Z·
2418 3837 2483 3906 ᾖ.
2515 3843 2609 3908 Ν,
2642 3849 2712 3902 32.

713 3934 792 4007 (2)
818 3942 1017 4010 Lffvlfflt
1047 3945 1118 4008 H,
1148 3950 1220 4007 16·
2317 3995 2320 3998 -
2606 4012 2612 4017 ,

719 4025 783 4096 (3)
813 4033 1106 4099 Dionysius·‚
1151 4034 1248 4095 IX,
1281 4042 1307 4085 5
1348 4044 1398 4087 et
1435 4041 1520 4087 13.“
1538 4035 1621 4087 Ex
1659 4036 1861 4087 rusticis
1898 4041 1947 4083 et
1982 4032 2185 4085 urbanis
2225 4038 2334 4084 octo
2376 4033 2571 4084 omnino
2607 4030 2839 4099 legiones

639 4122 893 4186 juniorum
919 4123 1072 4189 deligi
1099 4130 1340 4189 poterant,
1373 4142 1580 4191 quarum
1607 4131 1818 4192 quatuor
1842 4140 1906 4175 ex
1931 4124 2051 4174 urbe
2079 4124 2207 4189 ipsa.
2230 4144 2303 4159 -·
2329 4118 2413 4175 Cf.
2446 4122 2581 4181 Lim,
2611 4120 2658 4179 1,
2690 4126 2761 4180 4⁴.

604 4237 611 4242 ·
719 4202 785 4276 (⁴)
815 4209 1008 4273 LiviuS,
1039 4211 1133 4274 IV,
1165 4219 1236 4274 48,
1269 4231 1349 4265 an.
1385 4231 1430 4266 a.
1466 4211 1589 4266 Chr.
1624 4218 1721 4265 1013.
