3005 4955
1481 358 1882 431 --8tl·—-·x

562 498 936 576 Coriolano
990 523 1132 581 non
1186 505 1318 573 fuit
1360 492 1774 574 'tribuniciae
1810 499 2176 590 potestatis
2220 503 2782 586 incrementum,

560 624 685 691 sed
716 627 1376 708 temperamentum.
1412 624 1493 687 In
1525 639 1739 688 causa
1775 620 2083 710 Caesonis
2111 618 2296 686 idem
2320 619 2582 687 factum
2607 625 2730 689 est
2755 657 2784 725 3

553 757 717 805 nam
748 757 960 823 quum
993 736 1383 820 VirginiuS,
1422 736 1744 803 tribunus
1788 735 2036 821 plebiS‚
2077 733 2323 819 prendi
2358 735 2778 813 Caesonem,

557 854 672 921 cui
694 856 846 938 jam
880 853 1028 921 dies
1071 853 1255 920 dicta
1279 856 1455 933 erat,
1491 852 1870 935 Jussisset,
1903 851 2326 918 reclamante
2358 855 2557 935 patre
2595 853 2786 919 Cae-

555 967 778 1049 sonis,
825 968 1114 1050 negavit
1159 985 1235 1034 se
1278 950 1720 1049 sumpturum
1765 965 2184 1051 supplicium
2229 966 2313 1032 de
2352 966 2780 1034 indemnato

553 1086 630 1148 ut
662 1083 747 1149 de
774 1101 857 1149 eo
887 1083 1207 1168 supplicii
1243 1081 1562 1150 sumendi
1592 1081 1790 1166 copia
1819 1081 2079 1166 populo
2102 1099 2393 1149 romano
2413 1082 2611 1148 fleret
2632 1081 2767 1169 (1).

550 1193 968 1262 Remittebat
1013 1196 1231 1278 igitur
1278 1196 1540 1281 aliquid
1594 1195 1861 1281 antiqui
1908 1194 2093 1279 juris
2122 1193 2492 1278 Virginius
2514 1210 2532 1276 ;
2577 1211 2771 1277 per-—

548 1306 844 1375 duellem
866 1311 1052 1376 enim
1071 1315 1139 1377 et
1166 1311 1579 1378 violatorem
1609 1316 2080 1379 sacrosanctae
2105 1311 2469 1396 potestatis
2493 1329 2764 1388 necare

543 1422 1021 1492 indemnatum
1074 1428 1181 1492 fas
1223 1430 1396 1494 erat.
1430 1429 1764 1496 Eamdem
1799 1408 2031 1514 poenae
2069 1427 2551 1494 remissionem
2585 1426 2766 1493 ani-

544 1540 1042 1608 madvertimus
1067 1541 1140 1607 in
1165 1543 1518 1611 certandis
1549 1545 1825 1612 mulctis
1860 1562 2034 1629 quas
2065 1543 2179 1610 lex
2233 1548 2507 1610 sacrata
2550 1540 2759 1609 Icilia

544 1652 629 1718 de
679 1651 1120 1722 interfatione
1162 1657 1453 1740 ,iubebat
1504 1675 1546 1724 a
1602 1658 1899 1726 tribunis
1954 1657 2190 1738 indici,
2240 1675 2282 1723 a
2312 1656 2508 1742 plebe
2537 1655 2763 1740 judi-

542 1768 708 1835 cari.
735 1769 875 1837 Nec
908 1771 1378 1841 interfationis
1402 1793 1568 1842 reus
1605 1792 1804 1841 sacer
1832 1777 2007 1852 erat,
2037 1772 2172 1840 nisi
2194 1773 2408 1840 vades
2438 1772 2603 1837 dare
2631 1789 2757 1838 re-

539 1890 858 1953 cusasset
886 1882 1184 1975 (2).'Per
1214 1889 1801 1975 provocationem
1842 1888 1932 1954 ad
1967 1888 2240 1973 plebem
2269 1889 2390 1971 jus
2437 1886 2755 1954 tribuni-

537 2000 720 2068 cium
751 2002 1141 2087 perduelles
1176 2005 1471 2072 necandi
1506 2005 1847 2073 tolerabili
1890 2005 2032 2070 fine
2066 2002 2470 2071 conclusum
2500 2006 2633 2081 est,
2664 2008 2748 2070 et

534 2134 930 2203 quanquam
979 2137 1121 2188 non
1153 2121 1430 2204 penitus
1461 2121 1841 2203 sublatum,
1871 2120 1992 2188 vix
2019 2121 2214 2188 ultra
2232 2120 2457 2186 minas
2487 2119 2741 2188 mortis

528 2234 772 2317 postea
803 2251 1268 2320 progressum
1297 2240 1429 2302 est.

615 2348 875 2433 Legem
910 2353 1179 2425 Horatii
1219 2357 1288 2419 et
1316 2352 1578 2420 Valerii
1614 2352 1701 2420 de
1730 2352 2250 2438 provocatione,
2288 2351 2377 2417 ad
2411 2350 2740 2418 tribunos

522 2462 749 2549 plebis
786 2470 862 2534 ut
892 2468 983 2533 ad
1012 2473 1309 2536 caeteros
1342 2469 1798 2551 magistratus
1827 2468 2274 2555 pertinuisse,
2308 2470 2737 2551 argumento

521 2580 637 2645 est·
662 2578 868 2665 Appii
899 2581 1166 2649 Claudii
1210 2581 1584 2649 decemviri
1614 2582 2028 2666 periculum,
2054 2580 2194 2666 qui,
2239 2599 2450 2664 quum
2481 2583 2734 2647 contra

518 2693 921 2777 virginium
954 2696 1313 2765 tribunum
1339 2698 1401 2781 ej
1413 2715 1493 2764 us
1523 2697 1834 2781 collegas
1864 2686 2591 2782 frustra'appellasset‚
2632 2696 2731 2765 ad

513 2808 786 2893 plebem
814 2814 1252 2899 provocavit.
1291 2815 1460 2882 Haec
1487 2814 1893 2900 provocatio
1920 2812 2264 2881 libertatis
2297 2811 2555 2879 vindex
2577 2830 2730 2882 non

512 2924 779 2994 obstitit
801 2929 968 3013 quin
993 2932 1359 3015 Virginius
1385 2950 1545 2998 eum
1565 2929 1778 3016 arripi
1806 2949 1848 2997 a
1869 2929 2138 2997 viatore
2159 2933 2227 2995 et
2246 2946 2375 3013 pro
2396 2924 2728 2998 damnato

506 3038 581 3106 in
611 3040 895 3112 vincula
922 3046 1082 3113 duci
1111 3035 1418 3131 jube'ret.
1455 3047 1699 3115 Effecit
1730 3049 1968 3113 tamen.
1997 3050 2074 3113 ut
2109 3064 2231 3114 reo
2264 3047 2728 3134 diesdice're-

489 3159 624 3224 ‚tur
680 3162 754 3224 et
794 3159 1046 3254 judicii
1110 3162 1433 3245 quaedam
1485 3163 1716 3230 forma
1773 3163 2314 3230 constitueretur
2355 3161 2472 3250 (3).
2505 3163 2724 3229 Post-

503 3289 713 3358 quam
768 3292 858 3340 ex
899 3276 1330 3345 Decemviris
1374 3278 1495 3345 alii
1543 3279 1675 3346 sibi
1722 3271 1897 3364 ipsis
1949 3282 2245 3345 mortem
2275 3278 2715 3362 conscivere,

503 3387 625 3455 alii
657 3386 887 3456 solum
921 3390 1148 3458 exsilii
1188 3373 1404 3460 causa
1427 3399 1729 3479 vertere,
1759 3395 1849 3460 M.
1886 3389 2176 3474 DuiliuS,
2209 3383 2532 3460 tribunus
2555 3394 2718 3479 ple-

497 3495 633 3584 bia,
693 3505 980 3575 modum
1030 3507 1270 3577 nimiae
1316 3510 1643 3595 potestati
1696 3509 2067 3577 salubriter
2114 3494 2440 3590 inhibuit,
2481 3526 2713 3595 neque

497 3639 917 3706 quemquam
952 3622 1028 3691 in
1055 3624 1335 3692 vincula
1364 3625 1532 3692 duci
1552 3642 1806 3708 passus
1841 3630 1946 3693 est
1977 3619 2088 3713 (4).

482 3938 496 3978 τ’
561 3934 633 4005 (1)
674 3935 870 4000 Livius,
902 3939 996 4000 111,
1028 3945 1105 3993 13.
1136 3942 1278 3995 More
1305 3959 1396 3994 suo
1425 3942 1601 4018 Livius
1626 3944 1863 4012 populum
1890 3960 1977 4012 pro
2002 3946 2146 4013 plebe
2171 3950 2409 4033 nominat
2457 3963 2462 3967 ·

563 4026 629 4096 (2)
659 4026 794 4079 Vide
822 4047 991 4098 supra.

558 4113 1159 4183 (3)Livius‚111,55-57.

547 4199 618 4272 1⁴)
646 4202 799 4266 Ibem,
829 4210 899 4256 59.
1218 4201 1227 4210 ‘
