3005 4955
1473 417 1565 435 --
1610 381 1739 447 100
1783 402 1873 428 —-
2675 432 2678 435 1
2807 471 2812 475 q

2646 489 2787 575 rag.⁴

575 544 742 600 PARS
765 545 1021 601 TnnrtA.
1048 576 1127 623 .···
1149 548 1235 604 De
1262 546 1499 619 eolleyii
1544 546 1863 605 tribunicii
1896 546 2094 618 forma
2113 559 2185 604 ae
2206 543 2646 604 constitutione.

747 644 782 708 ἓ
821 644 919 697 le‘.
945 642 1192 711 Quibus
1220 645 1489 700 comitiis
1520 645 1699 701 electi
1740 643 1974 700 fuerint
2008 642 2251 700 tribuni
2288 640 2509 713 plebiS.
2693 640 2768 697 50

747 742 782 805 ἓ
818 739 871 793 2.
931 740 1024 796 Ex
1046 739 1278 810 quibus
1302 739 1541 797 tribuni
1565 740 1763 811 plebis
1794 740 1943 811 eligi
1969 739 2391 812 nequiverint.
2438 782 2449 793 .
2496 780 2507 792 .
2557 741 2562 744 ’
2696 739 2770 792 55

749 839 784 902 ἓ
821 838 872 892 3.
933 835 1100 905 Quot
1128 835 1362 893 fuerint
1412 851 1665 910 quoque
1711 841 1991 906 tempore
2021 836 2260 891 tribuni
2288 833 2506 905 plebis,
2695 833 2769 889 58

744 936 779 999 ἓ
814 934 868 988 Ιι.
939 934 1029 990 De
1078 935 1545 990 continuatione
1590 934 1948 990 tribunatus
1956 975 2502 988 ..........
2690 929 2755 986 61

750 1032 785 1096 ἓ
825 1032 875 1085 5.
911 1030 1003 1085 De
1033 1032 1420 1100 cooptatione
1449 1031 1846 1088 tribunorum
1872 1030 2071 1101 plebis
2077 1069 2503 1086 ........
2687 1027 2761 1083 63

568 1177 734 1233 PARS
771 1176 1055 1244 QUARTA.
1084 1208 1155 1219 —
1184 1180 1268 1236 De
1288 1179 1455 1237 modo
1483 1178 1816 1237 tribuniciae
1831 1178 2170 1251 potestatis.

742 1276 796 1339 ἓ.
841 1276 939 1327 ¹10¹.
963 1274 1130 1343 Quid
1158 1290 1269 1346 pro
1292 1277 1547 1346 collegio
1584 1276 1821 1332 tribuni
1850 1275 2051 1347 plebis
2086 1276 2252 1332 soliti
2271 1274 2503 1331 fuerint

957 1374 1309 1432 decernere.
1341 1377 1431 1432 De
1459 1377 1826 1432 auctoritate
1856 1376 2137 1445 plurium
2162 1375 2230 1431 in
2251 1374 2505 1445 collegio

931 1473 1015 1524 ·et
1043 1470 1120 1525 de
1148 1470 1284 1539 iure
1313 1472 1732 1540 singulorum.
1777 1472 1865 1525 De
1898 1471 2307 1540 appellatione
2332 1473 2394 1525 et
2421 1469 2497 1526 de

954 1564 1401 1622 intercessione
1431 1565 1827 1621 tribunorum
1861 1570 2072 1623 contra
2096 1567 2378 1636 collegas.
2424 1609 2436 1621 .
2484 1609 2495 1620 .
2680 1567 2756 1622 66

741 1665 776 1728 ἓ
810 1663 867 1718 2.
899 1660 1224 1730 Quomodo
1261 1661 1501 1718 tribuni
1536 1663 1735 1733 plebis
1775 1677 1843 1719 se
1876 1663 2187 1734 gesserint
2234 1664 2342 1717 aut
2391 1662 2505 1718 ad-

920 1774 1178 1823 *versus
1208 1765 1498 1817 senatum
1538 1765 1646 1816 aut
1678 1762 1744 1815 in
1782 1764 2024 1817 senatu.
2070 1762 2098 1814 .“
2128 1803 2497 1817 .......
2681 1762 2755 1816 73

739 1860 775 1924 ἓ
816 1861 871 1915 3.
908 1858 1000 1913 De
1022 1856 1162 1927 jure
1202 1857 1536 1914 tribunicio
1584 1858 1849 1914 comitiis
1876 1859 2317 1915 intercedendi.
2365 1900 2378 1914 .
2422 1900 2437 1915 .
2481 1899 2494 1912 .
2680 1858 2753 1913 80

739 1953 777 2024 5
814 1958 866 2009 4.
905 1956 997 2012 De
1034 1954 1175 2026 jure
1206 1955 1543 2011 tribunicio
1575 1968 1715 2010 reos
1747 1955 1975 2025 agendi
2004 1957 2112 2010 aut
2140 1956 2214 2011 ad
2259 1955 2502 2027 plebem

951 2056 1062 2108 aut
1104 2053 1181 2107 ad
1220 2053 1525 2122 populum
1533 2093 2492 2109 .................
2680 2054 2750 2108 83

735 2152 770 2213 g
810 2152 859 2203 5.
904 2149 993 2204 De
1031 2149 1173 2218 jure
1226 2132 1560 2206 tribunicio
1608 2148 2036 2205 intercedendi
2085 2149 2339 2220 ,iudiciis
2384 2163 2499 2206 seu

950 2245 1221 2315 publicis
1250 2261 1366 2302 seu
1397 2247 1657 2317 privatis
1664 2287 2498 2302 ...............
2684 2250 2742 2301 81

567 2396 732 2452 PARS
752 2397 1109 2466 QUINTA.—
1123 2398 1206 2455 De
1229 2398 1552 2457 tribunicia
1566 2398 1858 2469 potestate
1876 2395 2150 2454 emiremis
2167 2395 2503 2466 reipubtieoe

960 2495 1157 2552 liberoe
1183 2494 1538 2566 temporibus
1565 2496 1620 2552 et
1653 2494 1760 2553 sub
1778 2495 2131 2567 principatu
2137 2536 2500 2550 .......
2655 2491 2759 2552 ’95

794 4214 1138 4254 vunentanus.
1152 4227 1223 4238 —
1237 4218 1367 4254 cunr
1384 4217 1454 4252 ΕΤ
1474 4218 1616 4265 rue,
1635 4218 1977 4264 mammone,
1994 4209 2064 4263 59,
2083 4207 2519 4264 nonunt-meets.
