3005 4955
1288 1022 1562 1107 PARS
1654 1020 2102 1126 QUARTA

965 1749 1078 1817 nn
1111 1750 1358 1816 Mono
1389 1696 1920 1817 TRIBUNICIAE
1946 1745 2485 1815 POTESTA'HS.

624 2419 669 2501 ἓ
704 2419 879 2485 1.—-
912 2413 1109 2494 Quid
1149 2435 1288 2508 pro
1345 2415 1649 2508 colleyio
1687 2416 1961 2490 tribuni
2007 2416 2231 2511 plebis
2281 2413 2480 2487 soliti
2528 2401 2829 2508 fuerint

704 2527 1121 2598 decernere.
1170 2535 1271 2598 De
1316 2529 1735 2599 auctoritate
1785 2530 2101 2616 plurium
2159 2531 2239 2600 in
2284 2527 2582 2621 colleqio
2632 2528 2829 2600 etde

675 2646 863 2735 jure
884 2643 1364 2737 sinyulorurn.
1408 2644 1525 2715 De
1552 2645 2029 2737 appellatione
2079 2655 2145 2717 et
2181 2647 2264 2718 de
2307 2646 2830 2717 intercessione

696 2762 1155 2833 tribunon
1201 2768 1453 2832 contra
1481 2762 1818 2855 collegas.
1907 2748 1919 2756 ”

702 3070 1121 3138 Tribuniciae
1150 3068 1473 3154 potestati
1506 3067 1680 3135 nihil
1706 3067 1838 3135 fuit
1859 3067 2039 3153 quod
2058 3058 2447 3135 adderetur.
2463 3067 2729 3154 *Modus
2760 3064 2828 3137 ei

618 3185 1051 3252 adhibendus
1081 3186 1210 3250 fuit
1238 3188 1315 3250 ut
1364 3183 1437 3251 in
1476 3184 1752 3252 civitate
1813 3183 2215 3265 tolerabilis,
2267 3188 2827 3269 caeterarumque

618 3302 1037 3385 potestatum
1064 3298 1476 3366 tolerantior
1505 3302 1731 3367 fieret.
1782 3301 1889 3366 Ad
1941 3301 2463 3387 temperandam
2482 3301 2643 3383 eJus
2679 3300 2828 3367 vim

612 3414 905 3482 multum
933 3413 1221 3514 contulit
1246 3413 1397 3499 ipse
1428 3415 1671 3482 decem
1699 3415 2138 3483 tribunorum
2191 3434 2549 3483 numerus,
2587 3417 2829 3492 Quum

612 3530 799 3600 enim
817 3550 1001 3600 unus
1027 3531 1348 3599 tribunus
1368 3532 1589 3619 plebis
1618 3531 1730 3597 vel
1758 3533 2097 3600 adversus
2129 3550 2370 3599 omnes
2395 3531 2566 3599 satis
2598 3536 2846 3609 essen

616 3651 859 3716 Patres
889 3650 1022 3736 ipsi
1049 3630 1347 3734 'aliquos
1388 3667 1478 3715 ex
1553 3646 1852 3714 tribunis
1903 3647 2339 3732 appellabant
2402 3649 2494 3727 et,
2566 3648 2828 3731 partim

619 3765 872 3849 gratia,
891 3765 1137 3851 partim
1160 3759 1591 3844 auctoritate,
1624 3762 2024 3831 obtinebant
2047 3766 2125 3830 ut
2155 3761 2548 3830 tribuniciae
2579 3766 2831 3847 potes-

621 3876 780 3944 tatis
804 3876 992 3945 vires
1031 3878 1346 3946 salubres
1386 3876 1648 3946 vellent
1700 3876 2104 3964 reipublicae
2153 3893 2309 3943 esse
2360 3872 2470 3962 (1).
2512 3875 2613 3940 Ea
2637 3874 2828 3942 enim

554 4309 561 4316 .
701 4228 765 4303 (1)
793 4233 985 4300 Rivius,
1016 4233 1085 4298 n,
1116 4241 1191 4286 ⁴⁴.
