3005 4955
1581 381 1935 446 —68...

652 542 887 610 etiam
947 540 1192 605 contra
1260 527 1576 617 quamvis
1667 522 2079 608 potestatem
2137 515 2577 583 tribunorum
2629 511 2815 577 inter-

679 657 1074 728 cessionem
1092 626 1419 716 'valuisse
1474 636 1486 647 ’

762 776 844 841 In
870 766 1165 851 collegio
1195 759 1565 832 tribunicio
1591 756 1801 823 unius
1834 736 2092 821 tribuni
2141 752 2261 816 aut
2311 745 2599 814 minoris
2642 740 2823 830 partis

678 888 1003 957 voluntas
1060 883 1214 947 rata
1272 876 1425 955 fuit,
1456 872 1515 940 si
1564 870 1678 938 cui
1714 867 1949 935 auxilii
2002 850 2272 930 ferendi
2318 848 2532 928 causa
2578 855 2825 938 collegis

681 998 1114 1072 obstitissent
1168 993 1695 1059 intercessores.
1762 983 2052 1050 Videtur
2105 958 2254 1064 jam
2316 977 2390 1042 in
2448 969 2829 1040 moderanda

684 1112 1054 1189 tribunicia
1085 1108 1421 1195 potestate
1449 1104 1631 1169 hanc
1664 1097 2078 1166 sententiam
2096 1090 2683 1178 jnrisperitorum,
2705 1086 2831 1153 odia

688 1253 841 1307 esse
870 1219 1399 1315 reserinyenda,
1437 1237 1574 1286 usu
1616 1218 1834 1282 fuisse
1862 1204 2410 1297 comprobatam,
2441 1211 2513 1275 et
2545 1203 2833 1292 quidquid

684 1355 760 1420 in
781 1337 1087 1434 gratiam
1126 1341 1565 1424 singulorum
1623 1335 1822 1400 fieret
1879 1327 2349 1397 severioribus
2388 1323 2667 1408 ,iudiciis
2711 1339 2837 1388 esse

687 1465 1082 1553 praelatum.
1126 1461 1351 1533 Quum
1387 1450 1788 1518 Postumius
1819 1434 2098 1530 injussu
2127 1440 2389 1528 populi,
2448 1439 2600 1507 sine
2644 1440 2843 1503 aucto-

691 1577 896 1645 ritate
926 1574 1236 1648 senatus,
1271 1563 1698 1649 triumphum
1734 1562 2026 1647 peteret,
2054 1557 2394 1645 adversus
2451 1558 2709 1639 septem
2746 1549 2848 1616 tri-

692 1694 1039 1762 bunorum
1111 1680 1725 1758 intercessionem,
1815 1676 2026 1742 trium
2109 1673 2549 1739 tribunorum
2623 1665 2847 1735 auxilio

693 1804 1145 1893 triumphavit
1174 1800 1290 1889 (1).
1320 1798 1535 1864 Paulo
1566 1798 1770 1862 antea
1802 1782 2105 1877 Appium
2127 1790 2512 1868 Claudium,
2533 1792 2686 1872 post
2711 1781 2854 1849 anni

696 1928 766 1993 et
791 1943 917 1991 sex
944 1917 1289 1987 mensium
1318 1911 1618 1998 spatium
1648 1927 1724 1975 se
1753 1906 2078 1974 abdicare
2098 1920 2400 1972 censura
2421 1901 2855 1974 recusantem,

696 2043 775 2107 P.
816 2034 1265 2120 Sempronius
1290 2029 1612 2096 tribunus
1642 2023 1886 2110 plebiS,
1922 2040 2048 2088 sex
2097 2018 2387 2101 collegis
2434 2011 2865 2103 approbanti·
2955 2006 2963 2053 1

698 2156 858 2232 buS,
885 2148 1132 2237 prendi
1154 2145 1370 2231 jussit
1409 2148 1478 2209 et
1513 2142 1588 2207 in
1611 2138 1884 2206 vincula
1919 2137 2098 2203 duci.
2144 2137 2312 2201 Tres
2347 2131 2608 2200 tribuni
2632 2126 2868 2197 auxilio

700 2271 925 2348 fuere,
957 2265 1027 2334 et
1092 2260 1399 2348 Appius„
1448 2259 1844 2339 contempta
1911 2252 2192 2321 AEmilia
2255 2251 2439 2333 lege,
2504 2240 2875 2331 contemp'ta

667 2420 671 2424 ·
702 2381 952 2468 maj0ri
980 2385 1178 2465 parte
1211 2373 1487 2457 collegii
1514 2371 1888 2451 tribunicii,
1916 2369 2107 2437 solus
2135 2384 2388 2435 censor
2417 2365 2547 2431 fuit
2576 2363 2683 2451 (2).
2719 2364 2875 2439 Quae

703 2495 1023 2582 exempla
1055 2511 1213 2560 sese
1245 2491 1474 2575 ipsam
1506 2487 1959 2573 temperantis
1990 2483 2383 2553 tribuniciae
2413 2480 2767 2567 potestatis
2806 2495 2879 2544 eo

703 2611 934 2694 magis
959 2606 1339 2691 conspicua
1361 2608 1549 2682 sunt,
1585 2604 1769 2687 quod
1801 2619 1983 2669 unus
2015 2601 2334 2667 tribunus
2358 2602 2629 2684 poterat
2652 2613 2881 2663 consu·
2957 2553 2963 2686 1

704 2729 843 2796 lem
880 2724 1423 2809 triumphantem
1487 2736 1724 2798 curru,
1765 2722 1882 2785 aut
1933 2723 2301 2785 censorem
2374 2713 2883 2782 concionantem

708 2845 1051 2928 suggesto
1088 2839 1457 2908 detrahere
1490 2835 1609 2923 (3).
2166 2815 2173 2821 ’
2488 2818 2494 2822 “

686 2973 689 2976 “
746 2963 749 2964 ἢ
795 2963 878 3029 In
910 2961 986 3025 P.
1022 2960 1093 3024 et
1120 2958 1194 3022 L.
1226 2951 1688 3039 ScipionibuS,
1710 2952 1917 3018 unius
1936 2951 2036 3018 Ti.
2068 2948 2364 3018 Gracchi
2385 2952 2629 3015 contra
2648 2947 2887 3013 novem

709 3077 1020 3157 collegas
1049 3069 1461 3138 intercessio
1500 3051 1742 3160 valuit.
1781 3070 1859 3133 P.
1887 3067 2115 3152 Scipio
2146 3084 2332 3146 reuS,
2367 3083 2455 3131 ne
2488 3064 2576 3131 ad
2618 3076 2892 3131 causam

713 3189 1080 3256 dicendam
1108 3185 1408 3255 adesset,
1442 3184 1798 3275 Liternum
1834 3181 2182 3249 concessit
2201 3184 2269 3247 et
2310 3180 2629 3246 morbum
2659 3196 2892 3246 causa-

710 3308 823 3370 tus
851 3299 981 3368 est:
1038 3300 1304 3366 Novem
1352 3298 1612 3366 tribuni
1650 3297 1971 3383 appellati
2022 3315 2066 3363 a
2104 3298 2182 3363 L.
2217 3294 2535 3379 Scipione
2576 3274 2894 3361 decreve-

713 3422 905 3497 runt,
951 3416 1086 3483 sibi
1118 3417 1394 3501 placere
1452 3432 1608 3482 eam
1653 3431 1940 3481 causam
1971 3412 2238 3497 accipi,v
2266 3403 2897 3494 diemque‘prodici.

714 3534 816 3605 Ti.
861 3534 1220 3602 Gracchus
1243 3533 1522 3601 decreto
1556 3530 1984 3614 collegarum
2029 3532 2285 3596 nome'n
2345 3543 2550 3593 suum
2608 3523 2903 3595 adscribi

715 3652 1035 3720 noluitet
1065 3652 1372 3742 decrevit
1418 3670 1494 3738 se
1531 3651 1609 3716 P.
1646 3648 2034 3734 Scipionem
2055 3645 2410 3713 absentem
2435 3645 2767 3711 accusari
2784 3659 2907 3711 non

798 4048 868 4120 (1)
901 4053 1090 4116 Livius,
1116 4024 1188 4117 X.
1219 4063 1289 4107 37.
1811 3995 1842 4030 ἢ
1935 4031 1938 4034 ’

796 4139 861 4208 (2)
889 4142 1084 4203 Livius,
1106 4145 1208 4205 IX,
1238 4153 1307 4207 3⁴,
1340 4148 1376 4200 f.
1867 4169 1870 4172 ·

797 4225 863 4298 (3)
895 4230 1141 4295 Graevius,
1175 4233 1454 4295 Thesaurus
1473 4231 1596 4288 Ant.
1624 4231 1786 4306 Rom„
1824 4242 1860 4285 t.
1881 4223 1961 4294 ‘11,
1985 4219 2082 4287 col.
2105 4233 2231 4295 1126,
2260 4231 2325 4283 B.
