3005 4955
1146 377 1506 442 -89-

208 513 901 593 Quintiuscrederet,
937 508 1160 579 voluit
1189 515 1422 578 tamen
1454 511 1711 579 Staleni
1744 512 2158 582 sententiam
2185 519 2272 584 ad
2303 538 2425 586 cu-

201 631 494 698 mulum
542 628 910 725 septimam
974 627 1315 694 decimam
1368 627 1727 694 accedere.
1798 630 1874 697 C.
1939 630 2144 698 Junio
2199 634 2422 716 jndici

204 746 632 832 quaestionis
688 742 1078 811 convicium
1138 742 1456 819 Quintius
1513 743 1702 825 fecit,
1734 762 1823 811 ne
1853 746 2003 812 sine
2039 748 2313 816 Staleno
2351 750 2426 817 in

206 861 596 929 consilium
621 861 862 926 iretur.
910 861 1083 924 Tum
1124 859 1444 949 tribunus
1490 859 1745 944 plebi&
1782 879 1823 927 a
1861 862 2135 946 publico
2158 864 2424 946 judicio
2505 906 2512 911 =

210 977 308 1044 ad
339 975 688 1061 privatum
711 974 968 1041 Staleni
989 974 1327 1056 judicium
1360 975 1746 1059 profectuS‚
1779 977 1912 1044 hoc
1934 997 2063 1062 pro
2085 983 2428 1064 potestate
2517 1014 2518 1017 ¹

210 1092 471 1158 dimitti
485 1092 708 1175 jussit
731 1094 800 1157 et
827 1091 1181 1158 Stalenum
1211 1091 1298 1156 ad
1341 1092 1668 1158 subsellia
1692 1094 2019 1177 judicum
2059 1094 2428 1179 Oppianici

211 1208 516 1275 adduxit
548 1206 658 1295 (1).
703 1215 709 1220 ’
1144 1300 1149 1303 v
1824 1265 1830 1272 .

307 1325 649 1409 Denique,
684 1324 891 1390 rebus
922 1324 1086 1408 jure
1106 1323 1464 1407 jndicatiS‚
1506 1326 1625 1393 aut
1664 1345 1872 1410 poena
1919 1326 2236 1410 legitima
2265 1347 2424 1394 ma-

213 1438 568 1522 gistratus
621 1439 901 1505 decreto
964 1437 1249 1514 indicta,
1300 1458 1388 1506 ne
1432 1440 1799 1509 damnatus
1850 1442 2224 1527 quidquam
2261 1443 2422 1509 mali

212 1559 587 1638 pateretur
624 1553 883 1622 tribuni
921 1556 1082 1638 jure
1128 1555 1674 1622 intercedebant.
1725 1559 1876 1622 Jam
1908 1558 2151 1641 primis
2183 1559 2427 1643 reipu-

213 1669 434 1736 blicae
454 1666 703 1736 liberae
733 1669 1187 1753 temporibus,
1244 1669 1594 1735 debitores
1644 1668 1956 1736 addictos
1992 1671 2367 1739 vetabant
2350 1692 2425 1738 m
2461 1646 2464 1653 ’

213 1784 515 1851 vincula
554 1784 710 1850 duci
738 1781 850 1870 (2),
888 1784 1231 1867 etiamque
1262 1783 1549 1867 judiciis
1591 1783 1887 1868 publicis
1913 1760 2270 1852 convictos
2306 1789 2427 1852 aut

218 1918 392 1966 reos
425 1897 537 1986 (3).
594 1900 991 1965 Terentium
1027 1903 1405 1984 praetorem
1454 1897 1756 1968 vidimus
1815 1900 1889 1964 L.
1930 1898 2235 1984 Scipioni
2265 1919 2431 1967 cat-

224 2035 464 2083 cerem
506 2035 662 2083 esse
691 2015 1085 2082 minitatum
1139 2014 1323 2100 quod
1375 2013 1731 2097 peculatus
1790 2014 2155 2082 damnatus
2203 2036 2430 2102 pecu-

221 2131 417 2198 niam
453 2131 527 2198 in
567 2132 894 2198 aerarium
932 2150 1075 2197 non
1132 2114 1465 2225 referret,v
1505 2128 1996 2215 tribunumque
2056 2132 2154 2197 Τί.
2200 2134 2426 2200 Grac-

223 2248 438 2316 chum
475 2266 694 2313 unum
730 2239 1078 2313 exstitisse
1126 2263 1253 2331 pro
1304 2245 1623 2330 Scipione
1680 2244 2021 2313 libertatis
2075 2247 2460 2343 vindicem·

229 2362 345 2452 (4).
405 2363 537 2431 Sed
588 2365 659 2430 id
720 2364 1020 2448 maxime
1077 2358 1791 2439 animadvertendum,
1842 2363 1916 2448 in
1958 2365 2420 2450 appellatione

223 2482 668 2550 tribunorum
716 2500 756 2546 a
805 2480 1056 2574 Publio,
1103 2479 1418 2564 Scipione
1448 2480 1676 2559 facta„
1706 2480 2280 2550 intercessionem
2316 2485 2415 2551 ita

228 2597 677 2683 postulatam,
707 2600 785 2662 ut
814 2597 1064 2662 Lucius
1115 2596 1481 2661 damnatus
1520 2600 1764 2678 contra
1784 2597 1904 2679 Jus
1934 2600 2002 2663 et
2044 2616 2308 2664 morem
2337 2601 2423 2667 ab

232 2713 631 2780 hominibus
676 2711 961 2778 armatis
1011 2729 1155 2777 non
1191 2727 1230 2775 a
1276 2709 1476 2794 plebe
1511 2709 1663 2792 ipsa
1711 2728 1864 2776 esse
1912 2710 2261 2779 diceretur
2296 2712 2419 2799 (5).

233 2830 428 2897 Adeo
456 2829 526 2894 id
553 2847 688 2895 usu
708 2827 1099 2894 invaluerat
1119 2828 1196 2891 ut
1216 2821 1705 2890 intercessioni
1737 2840 1884 2891 suae
1911 2825 2168 2914 tribuni
2202 2812 2427 2913 plebis

229 2944 414 3031 juris
436 2942 659 3012 civilis
691 2942 927 3009 tuendi
956 2959 1239 3020 causam
1266 2939 1759 3025 praefarentur.

324 3061 580 3127 Poenas
612 3076 654 3123 a
687 3056 1072 3124 minoribus
1104 3053 1633 3138 magistratibus
1662 3051 2044 3148 inJunctas‚
2104 3075 2145 3122 a
2179 3025 2426 3126 trium-

234 3175 405 3242 viris
432 3174 777 3253 videlicet,
819 3171 1079 3239 tribuni
1112 3170 1333 3257 plebis
1376 3174 1495 3237 aut
1549 3170 1876 3255 mitigare
1910 3176 2031 3239 aut
2057 3173 2419 3244 breviores

234 3291 512 3359 efficere
543 3292 941 3376 potuerunt.
975 3288 1290 3355 Naevium
1316 3291 1591 3373 poetam
1616 3286 1687 3356 in
1716 3307 2094 3371 carcerem,
2129 3292 2217 3359 ob
2245 3310 2421 3377 pro-

235 3407 362 3475 bra
389 3405 464 3473 in
482 3405 833 3490 principes
854 3403 1160 3472 civitatis
1194 3404 1404 3485 dicta,
1441 3422 1483 3470 a
1510 3404 1896 3471 triumviris
1925 3407 2348 3490 conjectum,
2378 3426 2417 3474 e

306 3863 367 3933 (1)
397 3865 531 3928 Cic„
563 3865 666 3919 Pro
699 3867 935 3928 cluentio,
969 3870 1126 3918 27-30.

304 3948 367 4019 (2)
401 3954 595 4013 Livius,
627 3952 723 4013 VI,
757 3958 829 4003 27.

306 4035 375 4107 (3)
404 4042 597 4101 Livius,
629 4041 724 4102 111,
759 4047 830 4092 59.
1496 4057 1499 4060 ·

307 4124 364 4200 (4)
395 4131 586 4190 Livius,
617 4130 931 4190 xxxvm,
960 4135 1036 4188 60,
1070 4116 1186 4181 van.
1219 4128 1490 4192 Maximus,
1525 4115 1747 4192 IV-,1n0
1774 4139 1820 4183 ε.

272 4283 277 4290 ’
304 4212 368 4285 (ὅ)
398 4212 614 4280 (tirellum,
645 4218 766 4278 VII,
799 4222 867 4270 19.
