3005 4955
1039 367 1124 387 ...
1176 334 1264 406 95
1312 374 1396 387 .-

133 473 243 538 tas
276 459 570 557 quidem,
606 482 648 541 a
686 470 988 546 tribunis
1027 472 1249 565 plebis
1294 469 1619 564 indictas,
1659 481 1847 550 ratas
1881 476 2138 565 fuisse,
2183 476 2324 551 'nisi

129 607 253 657 eas
271 589 588 659 consules
613 586 1120 679 approbassent
1143 590 1261 684 (1).
1294 592 1472 677 Jam,
1491 592 1762 664 Tiberio
1790 594 2164 681 regnante,
2182 598 2325 666 Au-
2438 622 2448 635 ·

130 702 503 787 gustalium
561 715 729 774 cura
793 709 1019 776 omnis
1076 727 1120 776 a
1182 709 1481 781 tribunis
1542 709 1630 778 ad
1689 715 2034 796 praetores
2088 710 2325 780 fuerat

130 818 460 889 translata
495 820 611 912 (2).
650 814 988 910 Denique,
1020 818 1089 895 a.'
1114 824 1251 894 ‘218
1279 846 1350 911 p.
1370 827 1576 903 Chr„
1609 828 1954 910 regnante
1972 818 2318 907 Macrino,

129 946 338 1020 quum
371 937 631 1013 tribuni
674 932 895 1026 p'lebis
926 944 1244 1008 senatum
1273 942 1864 1024 convocaverunt,
1897 938 2111 1031 hujus
2131 940 2321 1027 juris
2365 1020 2368 1027 ,
2428 920 2442 931 ’

129 1053 456 1120 memoria
483 1055 634 1138 jam
661 1043 810 1132 fere
838 1055 1151 1144 tempore
1175 1054 1403 1124 fuerat
1442 1051 1699 1125 abolita
1730 1048 1840 1145 (3).

211 1160 682 1241 Dilabentibus
738 1174 1069 1259 paulatim
1115 1172 1507 1242 tribunatus
1573 1170 1885 1253 viribuS,
1966 1167 2321 1242 candidati

123 1288 271 1370 jam
299 1291 443 1357 tum
477 1290 608 1358 sub
633 1291 963 1374 Augusto
980 1296 1049 1359 et
1078 1288 1364 1360 Claudio
1407 1291 1569 1358 huic
1603 1286 2046 1374 magistratui
2072 1284 2324 1359 defue-

129 1390 558 1499 runt(4)31n
611 1425 693 1473 eo
736 1404 971 1495 'tamen
1016 1399 1405 1492 majestatis
1449 1408 1926 1474 sacrosanctae
1983 1400 2326 1473 nonnulla

68 1590 75 1597 ,
126 1518 425 1602 vestigia
474 1518 955 1604 remanebant,
1007 1498 1111 1604 ut,
1162 1516 1329 1607 ‘quid
1374 1524 1525 1606 jam
1579 1520 1767 1589 esset
1810 1514 2240 1602 tribunatuS,
2279 1537 2323 1586 a

127 1629 420 1702 tribunis
456 1628 656 1723 ipsis,
691 1621 986 1723 'Trajani
1042 1638 1380 1724 tempore,
1443 1634 1905 1704 dubitaretur.
1964 1631 2076 1703 Sic
2129 1634 2334 1702 enim

127 1748 211 1817 de
239 1751 597 1820 tribunatu
637 1736 915 1839 scripsit
950 1753 1214 1822 Plinius
1250 1748 1479 1820 minor
1517 1771 1533 1816 ι
1594 1776 1625 1812 α
1660 1744 1987 1850 Consulis
2017 1763 2108 1816 an
2135 1749 2321 1817 exis-

137 1888 164 1926 «
212 1866 448 1934 timem
484 1870 551 1936 te
580 1867 655 1936 in
680 1869 1039 1937 tribunatu
1076 1887 1326 1936 causas
1350 1876 1566 1952 agere
1607 1865 1885 1933 debere,
1923 1860 2314 1932 Plurimum

136 2004 164 2039 κ
215 1970 434 2051 refert
484 1976 651 2069 quid
693 2002 849 2053 esse
904 1985 1337 2053 tribunatum
1384 1987 1616 2068 puteS,
1668 1981 1951 2049 inanem
1997 1977 2322 2048 umbram

135 2111 165 2157 ᾱ
216 2098 287 2166 et
316 2089 466 2169 sine
499 2101 768 2167 honore
815 2120 1097 2182 nomen,
1138 2120 1228 2166 an
1255 2096 1677 2186 potestatem
1697 2099 2225 2165 sacrosanctam
2252 2094 2325 2162 et

145 2238 190 2278 u.
216 2232 425 2301 quam
453 2215 528 2283 in
552 2217 872 2284 ordinem
905 2217 1093 2300 cogi,
1130 2221 1206 2285 ut
1250 2234 1295 2293 a
1335 2209 1555 2294 nulle,
1589 2209 1687 2283 ita
1721 2233 1812 2282 ne
1860 2232 1901 2280 a
1941 2228 2016 2280 se
2045 2208 2324 2298 quidem

137 2355 164 2390 α
216 2328 479 2399 deceat.
513 2334 698 2418 Ipse,
727 2350 938 2418 quum
958 2326 1283 2400 tribunus
1308 2349 1564 2409 essem,
1587 2322 1972 2396 erraverim
1992 2327 2322 2412 fortasse,
2381 2364 2382 2367 π

137 2469 160 2507 c
212 2442 330 2533 qui
360 2467 471 2515 me
507 2465 663 2515 esse
689 2441 945 2534 aliquid
976 2445 1250 2534 pu'tavi3
1288 2447 1435 2529 sed,
1473 2450 1806 2531 tanquam
1834 2456 2088 2538 essem,
2115 2435 2323 2533 absti-

138 2587 164 2621 «
214 2565 337 2631 nui
369 2565 599 2632 causis
622 2563 951 2648 agendis:
984 2559 1313 2650 primum,
1336 2564 1525 2649 quod
1556 2562 1870 2630 deforme
1901 2559 2324 2640 arbitrabar,

137 2702 159 2734 c
215 2680 327 2746 cui
359 2685 762 2762 assurgere,
805 2680 916 2747 cui
939 2682 1094 2747 loco
1128 2680 1375 2747 cedere
1405 2697 1651 2746 omnes
1693 2677 2071 2763 oporteret,
2103 2674 2319 2753 hunc,
2370 2773 2376 2779 .

136 2817 163 2852 α
216 2795 541 2862 omnibus
571 2796 996 2877 sedentibus,
1033 2785 1245 2875 stare,
1274 2798 1365 2874 et,
1398 2794 1515 2879 qui
1538 2793 1787 2877 Jubere
1821 2794 2061 2876 posset
2084 2793 2323 2856 tacere

141 2927 170 2969 11
215 2917 747 2997 quemcumque,
770 2909 932 2979 huic
959 2911 1307 3010 silentium
1336 2907 1704 2994 clepsydra
1729 2901 1966 2984 indici,
1994 2908 2086 2984 et,
2116 2917 2324 2989 'quem

134 3048 162 3082 «
210 3025 534 3094 interfari
564 3027 769 3094 ‘nefas
800 3030 1006 3107 esset,
1042 3027 1228 3112 hunc
1263 3024 1472 3092 etiam
1501 3022 1819 3090 convicia
1847 3018 2089 3087 audire
2119 3016 2240 3105 (5).
2282 3035 2315 3080 s

216 3142 492 3208 Scilicet
540 3160 816 3209 omnem
867 3142 1037 3221 vim,
1093 3159 1397 3220 omnem,
1455 3143 1533 3205 ut
1583 3138 1681 3206 ita
1733 3137 1986 3216 dicam,
2037 3150 2322 3202 succum

131 3254 520 3322 tribunatus
558 3255 762 3321 adse
805 3255 1131 3340 paulatim
1168 3257 1475 3323 traxerat
1514 3251 1886 3322 tribunicia
1917 3247 2323 3336 Principum

134 3375 463 3453 potestas.
500 3373 964 3440 Tribunorum
994 3372 1267 3440 titulum
1289 3371 1652 3460 Principes
1685 3389 1831 3439 non
1856 3363 2317 3453 usurpabant,

203 3724 270 3798 (1)
302 3733 450 3793 Tac„
482 3730 638 3793 Amo„
668 3732 817 3793 XIII,
849 3739 921 3785 28.

198 3812 264 3887 (2)
294 3819 453 3882 Ibid„
485 3821 532 3882 1,
566 3826 635 3872 15.

201 3899 266 3974 (3)
297 3910 370 3962 D.
405 3908 633 3971 Cassiae,
664 3909 965 3974 LXXVIII,
998 3918 1068 3963 37.
1663 3977 1666 3978 7

200 3992 263 4066 (⁴)
296 4003 368 4053 D.
402 4000 635 4063 CassiuS‚
669 4002 811 4063 LIV,
840 4008 896 4055 ’26
927 4011 974 4055 et
1002 4008 1078 4063 3⁰3
1111 3998 1252 4065 LVI,
1290 4008 1383 4067 273
1436 3997 1555 4067 Lx,
1589 4008 1666 4056 11.
1701 3993 1989 4065 Suetonius,
2026 3986 2135 4056 Dot.
2157 3993 2317 4068 *AM-o

136 4092 203 4150 10,
234 4098 306 4143 40.

206 4178 265 4251 (5)
299 4187 510 4246 Plinius.
543 4188 585 4248 1,
619 4188 759 4253 epist.
793 4193 864 4239 23.
900 4185 980 4239 Cf.
1014 4185 1223 4253 Paneq„
1263 4192 1340 4248 95,
