3005 4955
1529 277 1880 342 ...18—

610 415 859 503 spexit,
891 415 1209 484 videlicet
1240 417 1596 503 populum,
1636 417 1890 495 curiaS,
1924 418 2168 501 gentes
2193 413 2546 499 patricias,
2575 416 2824 485 vestae

610 532 1045 614 religionem,
1081 551 1218 599 uno
1266 534 1506 613 verbo,
1539 533 1868 618 quidquid
1906 531 2078 598 urbe
2121 530 2273 615 ipsa
2310 530 2814 600 contineretur.

611 648 766 726 Sed,
783 649 966 731 quod
988 649 1232 727 Roma,
1260 668 1403 716 non
1422 649 1806 734 antiquum,
1832 648 1952 715 sed
1967 666 2255 728 novum,
2268 652 2422 714 ‘non
2441 666 2825 716 commune

612 782 770 831 cum
805 763 957 830 aliis
986 764 1337 846 gentibuS,
1364 765 1484 830 sed
1512 783 1713 832 suum
1739 783 1821 830 ac
1841 763 2201 849 proprium
2225 763 2298 830 in
2323 763 2551 830 lucem
2571 767 2821 848 protu-
2893 744 2908 769 '

610 879 711 958 lit,
769 879 1028 951 scilicet
1089 879 1383 964 plebem,
1435 881 1659 948 tribus
1705 880 2021 957 rusticaS,
2080 881 2147 945 et
2192 879 2620 949 tribunatum
2666 866 2822 964 ple-

530 1018 535 1025 ·
610 992 755 1071 bis,
792 992 863 1060 id
910 1011 996 1059 ex
1043 993 1318 1059 civitate
1336 993 1621 1061 'sustulit
1667 997 1754 1072 et,
1789 997 1866 1061 ut
1911 993 2007 1060 ita
2050 992 2301 1073 dicam,
2337 992 2809 1062 circumcidit.

611 1106 894 1174 Plebem
945 1108 1149 1189 fingit
1194 1110 1566 1187 extorrem,
1620 1108 1894 1190 legibus
1941 1111 2009 1173 et
2054 1108 2398 1191 religione
2430 1112 2828 1197 carentemf

515 1226 520 1232 ’
612 1221 773 1287 Diis.
829 1222 1362 1311 hominibusque
1431 1224 1752 1305 invisam,
1811 1225 2261 1309 tribunosque
2300 1224 2520 1310 plebis
2569 1226 2822 1293 eadem

612 1337 765 1405 labe
799 1339 1326 1420 contaminatOS‚
1366 1359 1541 1425 quos
1568 1359 1657 1406 ne
1686 1340 1883 1422 tangi
1909 1339 2183 1425 quidem
2211 1340 2318 1407 fas
2347 1341 2578 1420 fuerit,
2603 1342 2821 1408 adeo-

612 1470 744 1536 que
776 1451 1111 1537 impuros,
1148 1458 1223 1521 ut
1253 1455 1367 1520 vel
1402 1473 1644 1521 eorum
1678 1473 1972 1525 occursu
2003 1453 2274 1540 patricii
2312 1454 2816 1539 polluerentur.

611 1567 748 1639 Isto
782 1569 987 1634 modo
1023 1587 1142 1635 eos
1181 1569 1556 1637 arbitratur
1601 1569 1826 1636 fuisse·
1846 1572 2326 1637 sacrosanctos
2361 1565 2467 1655 (1).

626 1731 634 1736 -
702 1685 945 1766 Longe
975 1685 1174 1752 aliter
1202 1686 1500 1752 sensisse
1528 1689 1796 1753 veteres
1831 1684 1941 1750 vel
1974 1704 2062 1750 ex
2095 1703 2176 1751 eo
2207 1687 2415 1770 patet,
2455 1683 2571 1768 qui
2605 1666 2818 1750 =affer-

614 1803 749 1879 tur,
782 1800 1135 1868 Plutarchi
1162 1801 1339 1868 loco,
1358 1803 1435 1868 Id
1465 1804 1819 1887 receptum
1851 1800 2064 1866 fuisse
2096 1802 2384 1867 testatur
2396 1799 2820 1868 Plutarchus

620 1942 648 1975 >³
700 1920 778 1984 ut
802 1916 1241 1985 tribunorum
1262 1920 1507 2002 januae
1529 1936 1884 2003 nunquam
1904 1915 2414 1993 clauderentur,
2438 1914 2558 1980 sed
2576 1919 2821 1981 noctes

619 2055 660 2090 x·-
705 2030 985 2113 diesque
1039 2037 1299 2115 apertae
1344 2037 1594 2110 essent,
1643 2038 1970 2117 tanquam
2015 2033 2257 2117 portus
2307 2034 2375 2098 et
2411 2029 2822 2116 perfugium

621 2168 650 2204 »
705 2129 841 2229 ope
885 2144 1385 2227 indigentibus
1409 2148 1681 2221 Quanto
1725 2151 1956 2214 autem
1989 2145 2400 2214 submissius
2429 2158 2504 2212 se
2536 2165 2664 2230 pro
2689 2163 2821 2213 sua

621 2277 1003 2347 »persona
1036 2260 1240 2342 gerit,
1292 2264 1484 2328 tanto
1520 2262 1749 2344 magis
1783 2266 2081 2344 augetur
2123 2261 2426 2350 potentia
2464 2260 2826 2331 tribunus..

624 2401 653 2435 >2
709 2377 1161 2447 Communem
1192 2377 1376 2445 enim
1418 2378 1849 2445 eum-volunt
1878 2396 2032 2457 usu,
2073 2380 2140 2443 et
2172 2375 2493 2443 omnibus
2537 2375 2823 2447 facilem

623 2515 652 2549 2
706 2490 895 2562 aditu
923 2510 1098 2571 esse,
1157 2494 1354 2577 quasi.
1401 2512 1623 2573 aram,
1673 2499 1739 2560 et
1785 2493 2075 2561 honoris
2112 2492 2338 2580 gratia
2380 2511 2534 2560 eum
2579 2511 2821 2560 sacro-2

623 2629 653 2664 w
707 2608 1016 2674 sanctum
1051 2605 1315 2675 faciunt
1341 2612 1409 2675 et
1440 2607 1848 2678 inviolatum
1899 2624 1915 2674 ε
1955 2612 2022 2676 et
2079 2608 2137 2674 si
2166 2626 2305 2693 quo
2358 2608 2431 2675 in
2458 2607 2820 2694 publicum

623 2743 654 2778 »
695 2721 1051 2804 procedat,
1093 2741 1246 2789 mos
1294 2728 1401 2791 est
1434 2724 1755 2809 omnibus
1783 2744 2035 2809 purum
2071 2723 2419 2814 efficiendi
2452 2742 2707 2810 corpus
2744 2727 2817 2792 et

508 2933 513 2938 ι
623 2857 652 2910 »
706 2835 1048 2910 lustrandi
1084 2841 1415 2925 tanquam
1440 2841 1779 2926 pollutum
1810 2839 1925 2927 (2).
1991 2866 2014 2900 ι

707 2953 862 3022 Non
915 2953 1132 3037 igitur
1196 2974 1321 3041 per
1384 2959 1852 3040 contemptum
1935 2958 2417 3024 sacrosanctus
2495 2953 2818 3022 tribunus

618 3068 1026 3149 habebatur,
1052 3071 1175 3136 sed
1206 3069 1493 3137 honoris
1523 3072 1774 3152 gratia,
1802 3073 1869 3138 et
1897 3072 2081 3155 quod
2116 3088 2358 3138 omnes
2388 3069 2674 3163 lustrari
2698 3070 2818 3138 de-

616 3182 861 3251 berent
875 3203 1009 3269 qua
1027 3184 1402 3265 incederet,
1420 3185 1480 3251 is
1500 3203 1651 3252 mos
1672 3185 1735 3251 ei
1766 3185 2145 3279 consimilis
2169 3185 2299 3251 fuit
2323 3203 2459 3271 quo
2482 3203 2632 3276 non
2647 3184 2818 3255 lice-

616 3298 736 3370 bat
769 3299 906 3378 nisi
939 3301 1132 3388 puris
1164 3302 1508 3369 mentibus
1556 3305 1623 3369 et
1668 3304 2075 3388 corporibus
2116 3303 2230 3370 ad*
2250 3321 2410 3368 aras
2452 3302 2816 3370 accedere.

614 3418 965 3496 Praeterea
991 3419 1227 3487 Livius
1270 3424 1751 3490 sacrosanctos
1790 3421 2109 3489 tribunos
2145 3420 2367 3506 plebis
2392 3420 2667 3487 caeteris
2699 3439 2816 3489 ro..-

692 3858 757 3930 (1)
784 3853 961 3919 Fustel
999 3870 1062 3919 de
1103 3868 1407 3939 Coulanges,
1435 3870 1522 3948 2⁶¹.
1561 3870 1674 3923 0416
1705 3870 1926 3937 mutique,
1954 3869 2071 3921 Liv.
2110 3870 2205 3931 IV,
2233 3869 2315 3921 ch.
2347 3868 2470 3921 vll.
2509 3868 2569 3918 3⁰
2608 3868 2820 3928 e'ditio».

616 3971 672 4023 p.
703 3959 917 4006 353-354.
1541 3991 1548 3998 ·
2639 3982 2645 3988 ·

688 4037 748 4112 (2)
779 4046 1096 4100 Plutarchus.
1133 4047 1426 4109 Quaestiones
1453 4048 1685 4105 Romame
1728 4056 1874 4112 81-84,
1902 4049 1982 4102 ed.
2016 4049 2223 4113 Reiske,
2264 4048 2471 4116 Lipsiae,
2499 4052 2629 4108 1777,
2675 4053 2721 4104 t.
2772 4053 2815 4108 ⁷.

615 4149 670 4200 p.
703 4139 899 4186 142443.
2408 4149 2412 4153 -
