3005 4955
1232 244 1595 311 ...53-

257 384 746 469 coaequaevus
801 386 870 450 et
924 382 1120 469 quasi
1198 383 1384 451 fidus
1440 384 1816 471 interpres,
1847 389 2181 473 patricios
2241 392 2509 461 inducit

255 498 666 567 Publiliam
695 499 931 582 legem
967 499 1067 566 ita
1093 505 1595 584 memoranteS,
1635 507 1711 568 ut
1739 504 1890 587 jam
1930 523 2154 588 neque
2193 508 2510 575 auctori-

256 617 404 681 tate
437 620 754 681 senatus
804 614 1122 682 tribunos
1182 614 1415 699 plebis
1464 599 1848 700 designari,
1883 637 2105 704 neque
2156 622 2508 691 curiarum

260 730 660 813 suffragiis
687 730 842 797 fieri
879 731 1112 797 dicant
1145 728 1256 816 (1).
1295 730 1471 797 Aliis
1500 731 1885 799 locis-idem
1910 739 2152 801 auctor
2182 736 2508 806 disertius

259 845 593 913 affirmat
616 846 1068 912 tribunorum
1094 845 1347 929 plebis,
1382 847 1676 914 Publilia
1693 847 1879 931 lege,
1903 849 2181 916 comitia
2201 869 2241 917 a
2263 853 2516 933 curiis..

258 978 427 1044 quae
451 962 838 1047 auspicato
860 961 1420 1042 consulerentur,
1443 962 1531 1028 ad
1551 963 1801 1044 tribus,
1825 982 1985 1050 quae
2006 950 2156 1033 si'ne
2177 968 2506 1053 auspiciis

258 1076 780 1155 convenirent,
816 1094 971 1143 esse
1003 1078 1344 1143 translata
1372 1076 1485 1163 (2).
1581 1090 1594 1101 ·

349 1193 691 1260 Eatenus
727 1196 918 1260 errat
945 1191 1342 1276 Dionysius,
1396 1193 1581 1278 quod
1629 1194 1837 1262 etiam
1886 1195 1959 1263 in
2008 1198 2238 1264 Monte
2293 1198 2505 1265 Sacro

265 1310 636 1394 populum
666 1282 885 1376 credit
914 1309 1237 1376 curiatim
1269 1312 1669 1379 consultum
1699 1313 1964 1397 primos
1997 1314 2316 1382 tribunos
2351 1314 2507 1401 ple-

256 1425 372 1492 bis
411 1425 560 1493 sibi
595 1424 1004 1511 praefecisse
1031 1422 1399 1511 (3).‚Cujus
1438 1427 1703 1494 erroris
1732 1446 2016 1495 causam
2063 1430 2213 1505 ipse
2251 1430 2502 1515 aperit,

260 1559 495 1625 quum
559 1540 804 1624 adjicit
844 1540 1159 1628 plebem,
1219 1543 1586 1625 postquam
1643 1542 1715 1607 in
1775 1544 2030 1611 Urbem
2067 1545 2501 1625 revertisset,

256 1656 621 1742 patriciis
677 1654 1130 1751 persuasisse,
1172 1658 1250 1720 ut
1288 1654 1745 1736 magistratus
1796 1657 2102 1739 plebeios
2144 1660 2503 1742 suffragiis

261 1773 796 1839 confirmarent
835 1768 958 1855 (4).
993 1770 1162 1836 Haec
1202 1767 1482 1835 demum
1513 1768 1963 1853 patriciorum
2019 1773 2498 1856 comprobatio

267 1887 390 1956 lex
422 1887 711 1955 curiata
756 1886 909 1965 fuit,
941 1890 1021 1953 ut
1052 1876 1240 1971 patet
1269 1904 1357 1952 ex
1388 1884 1537 1951 loco
1567 1884 1903 1952 orationis
1953 1904 2081 1972 pro
2118 1887 2192 1952 C.
2229 1888 2502 1958 Corne-
2603 1906 2604 1909 ’

264 2001 394 2081 lio,
436 2003 573 2072 ubi
606 2006 974 2085 utrumque
1018 2016 1243 2082 genus
1282 1986 1723 2079 comitiorum
1751 2001 1841 2066 M.
1880 2000 2141 2069 Tullius
2173 1982 2488 2090 p'ruden-

272 2119 384 2183 ter
434 2114 797 2184 distinxit.
861 2092 1207 2181 Caeterum
1260 2130 1473 2198 quum
1517 2115 1738 2181 Roma
1774 2119 1964 2182 esset
2008 2094 2288 2201 duplex,
2345 2137 2490 2187 una

267 2232 522 2319 populi
574 2231 853 2310 urbani,
891 2229 1110 2296 altera
1166 2228 1453 2296 rusticae
1511 2229 1758 2313 plebiS,
1792 2227 1975 2296 binis
2012 2232 2313 2298 comitiis
2346 2235 2500 2301 Ro-

277 2348 478 2414 mani
513 2347 603 2414 de
635 2345 935 2428 singulis
962 2336 1492 2425 magistratibus
1514 2344 1947 2427 judicabant.
1995 2346 2225 2413 Prima
2256 2353 2495 2416 autem

279 2462 579 2529 comitia
616 2461 823 2527 vocat
867 2460 961 2530 M.
1003 2456 1265 2526 Tullius
1323 2456 1710 2525 centuriata
1739 2461 1809 2525 et
1854 2457 2141 2541 tributa,
2197 2466 2495 2548 quorum

273 2573 608 2659 utrisque
645 2572 911 2638 curiata
941 2569 1142 2637 solita
1173 2570 1313 2636 sint
1343 2572 1678 2655 subjungi
1707 2570 1825 2659 (5).
1875 2575 1973 2641 De
2011 2559 2221 2643 nullis
2256 2581 2492 2644 autem

280 2687 826 2772 magistratibus
885 2684 1160 2753 tributis
1197 2685 1494 2753 comitiis
1530 2687 1754 2771 prius,
1811 2689 2096 2758 curiatis
2138 2691 2495 2778 posterius

277 2803 597 2887 judicari
628 2800 877 2887 potuit,
914 2799 1050 2867 nisi
1075 2800 1159 2866 de
1195 2800 1494 2867 tribunis
1520 2800 1739 2885 plebis
1768 2819 1851 2868 ac
1879 2804 2225 2873 aedilibus.

375 2913 633 3004 Igitur
658 2935 874 3002 quum
922 2914 1007 2981 de
1055 2915 1520 2981 creandorum
1592 2914 2028 2982 tribunorum
2089 2917 2315 3002 plebis
2374 2937 2493 2986 ra-

285 3033 507 3117 tione,
549 3052 593 3100 a
622 3031 1020 3100 secessione
1043 3048 1263 3115 usque
1293 3030 1381 3095 ad
1409 3028 1782 3098 Publiliam
1806 3031 2066 3115 legem,
2097 3050 2488 3103 omnes-ve-

283 3153 529 3220 terum
564 3150 955 3230 sententiae,
989 3146 1349 3224 Ciceronis
1390 3146 1658 3215 scilicet
1688 3152 1758 3216 et
1806 3150 2152 3233 Messalae,
2205 3150 2384 3220 Livii
2428 3155 2498 3221 et
2575 3178 2580 3183 ·

169 3318 177 3326 .
281 3265 642 3352 Dionysii,
672 3264 847 3332 mire
871 3264 1055 3330 inter
1084 3280 1159 3329 se
1199 3266 1607 3344 congruant
1660 3266 1730 3331 et
1788 3284 1947 3333 cum
1993 3266 2205 3335 totius
2250 3249 2496 3354 reipu-

283 3382 505 3452 blicae
535 3381 920 3467 antiquiore
964 3379 1192 3446 forma
1224 3378 1586 3464 aptissime
1622 3382 2056 3466 cohaereant,
2113 3402 2256 3452 non
2287 3384 2495 3453 dubi-

351 3738 429 3809 (1)
464 3743 702 3810 Dionys„
733 3744 808 3802 X,
837 3748 882 3794 ⁴.

360 3824 431 3902 (2)
463 3834 703 3900 Dionys„
734 3832 834 3893 11,
864 3837 912 3884 ιι
946 3837 995 3883 et
1022 3836 1094 3890 4⁹,
1123 3831 1211 3883 fin.

364 3917 439 3989 (3)
468 3922 764 3989 Dionysius,
794 3918 858 3973 A.
889 3920 981 3982 R„
1013 3920 1111 3979 VI,
1145 3924 1217 3970 8⁹.

358 4005 428 4080 (Α)
457 4009 611 4070 Ιόἰό.,
639 4028 751 4078 cap.
783 4015 854 4062 ⁹0.

366 4093 443 4169 (ὅ)
472 4098 611 4171 Cim,
636 4098 709 4152 Do
742 4099 843 4167 logo
869 4096 1088 4165 auraria,
1115 4094 1185 4158 11,
1216 4111 1326 4163 etp.
1357 4093 1456 4149 x1.
