3005 4955
1064 310 1156 337 .--
1197 277 1420 345 492—

117 418 269 507 biS,
302 421 471 504 post
493 417 794 485 mediam
827 421 1103 486 noctem
1139 422 1365 488 Roma
1405 419 1787 506 profectus,
1835 425 1995 508 post
2038 422 2336 509 primam

116 532 394 613 facem,
453 537 614 600 ante
642 533 941 609 mediam
972 539 1373 623 sequentem
1412 540 1600 602 esset
1649 554 2001 609 reversus,
2051 554 2192 603 non
2234 535 2337 600 di-

119 649 439 717 cebatur*
465 650 773 718 abfuisse
797 669 1015 717 unum
1045 651 1227 718 diem
1275 649 1386 738 (1).
1419 653 1801 739 Propterea
1821 654 1940 736 jus
1958 653 2336 719 abnoctan-

120 766 342 834 dieis
389 766 794 853 ademptum
841 771 1019 849 erat,
1076 768 1434 852 quoniam,
1485 772 1561 834 ut
1608 768 1750 834 vim
1795 753 1947 834 fieri
1993 769 2336 848 vetarent,

120 881 545 949 assiduitate
575 899 816 949 eorum
849 885 919 948 et
947 883 1395 967 praesentium
1418 883 1640 949 oculis
1663 901 1840 968 opus
1862 884 2012 948 erat
2044 880 2158 968 (2).
2190 882 2339 956 Quo

121 995 414 1063 facilius
460 997 780 1065 tribunus
821 996 1047 1082 plebis
1083 997 1271 1063 omni
1325 1001 1637 1082 tempore
1681 998 1925 1082 posset
1979 993 2338 1080 appellari,

121 1127 267 1176 usu
309 1115 667 1197 receptum
701 1112 856 1188 fuit,
883 1114 959 1178 ut
984 1111 1424 1179 tribunorum
1465 1113 1710 1197 januae
1737 1129 2094 1197 nunquam
2120 1120 2126 1126 ’
2148 1109 2337 1176 clau-

124 1224 496 1306 derentur,
544 1227 681 1292 -sed
728 1229 969 1293 noctes
1026 1226 1312 1311 diesque
1370 1230 1633 1311 apertae
1693 1231 1953 1303 essent,
2009 1228 2339 1311 tanquam

128 1345 391 1428 portus
425 1346 493 1409 et
520 1343 921 1429 perfugium
953 1343 1590 1428 opeindigentibus
1624 1342 1733 1432 (3).

99 1507 108 1514 .
223 1458 373 1525 Nec
410 1457 637 1527 solum
664 1459 903 1525 auxilii
934 1458 1219 1545 privatis
1247 1460 1514 1526 ferendi
1542 1478 1782 1539 causa,
1847 1462 2094 1527 Romae
2150 1457 2326 1526 assi-

127 1574 249 1641 dui
332 1593 492 1642 esse
565 1558 929 1642 debebant.
996 1574 1232 1642 Livius
1283 1552 1871 1655 senatusconsulti
1928 1574 2335 1669 absentibus

129 1690 439 1757 tribunis
487 1684 652 1758 facti
701 1690 1037 1771 meminit,
1070 1691 1182 1757 cui
1216 1695 1601 1775 praesentes
1655 1691 1843 1757 haud
1879 1690 2085 1757 dubie
2120 1690 2334 1760 inter-

130 1807 544 1873 cessissent.
590 1806 958 1872 Senatores
1005 1809 1278 1891 tem'pus
1323 1809 1799 1891 captaverant,
1831 1823 1966 1890 quo
2010 1803 2328 1870 homines

133 1921 220 1988 ab
241 1920 432 1987 Urbe
453 1920 768 1988 solebant
785 1920 1172 2001 discedere,
1192 1920 1449 1988 tribuni
1479 1918 1705 2004 plebis
1730 1919 2147 2005 praesertim,
2175 1935 2329 1985 rus-

133 2036 390 2103 ticanis
414 2036 1009 2120 occupationibUS‚
1033 2035 1464 2121 plebeiorum
1494 2024 1716 2117 more,
1748 2035 1995 2103 intenti
2026 2033 2143 2122 (4).
2171 2032 2337 2100 Ideo

136 2153 592 2220 tribunicium
657 2152 1031 2237 collegium
1089 2153 1367 2235 legibus
1447 2153 1656 2220 certis
1718 2153 2126 2220 adstrictum
2201 2154 2331 2234 est,

134 2269 321 2338 inter
344 2289 519 2356 quas
553 2288 636 2337 ea
668 2270 823 2351 suit,
856 2289 1012 2355 quae
1032 2271 1394 2361 tribunum
1420 2269 1646 2353 plebis
1675 2270 2048 2336 abnoctare
2082 2253 2358 2355 vetuit.

135 2387 233 2452 De
265 2384 524 2452 natura
552 2384 944 2453 tribunatus
974 2386 1237 2452 affatim
1288 2385 1573 2451 dictum.
1631 2385 1857 2466 Nunc,
1907 2402 2043 2469 qua
2077 2382 2331 2465 forma,

136 2503 393 2588 quibus
417 2501 697 2585 legibus
719 2499 1103 2585 'collegium
1133 2502 1574 2570 tribunorum
1604 2501 2057 2569 constitutum
2111 2498 2324 2574 fuerit

135 2635 441 2703 pergam
472 2634 814 2703 quaerere.

211 2998 275 3072 (1)
306 3001 533 3068 GelliuS,
560 3004 655 3069 ΠΙ,
687 3019 796 3071 cap.
829 3010 874 3065 2,
905 3005 966 3078 n⁰
995 3011 1020 3055 7
1064 3012 1112 3055 et
1155 3010 1237 3062 11;
1283 2999 1648 3069 Cf.·Macrobe‚
1682 2996 1886 3052 Satwrn.
1932 2998 1974 3058 1,
2012 3003 2057 3048 3.
2101 2994 2243 3052 Serv.
2276 2995 2341 3047 ad

144 3091 345 3146 AEneid.
377 3093 443 3155 V,
466 3109 517 3144 v.
550 3098 646 3144 738.

212 3176 272 3250 (2)
303 3180 521 3243 Genius,
550 3182 699 3238 XIII.
731 3187 803 3242 12,
832 3186 888 3232 n⁰
913 3187 958 3233 9.
986 3234 989 3237 ,

214 3267 279 3338 (3)
319 3270 482 3321 Plut..
513 3269 694 3329 Quaest.
725 3286 845 3322 rom.
878 3275 949 3320 81.
980 3268 1080 3320 Ed.
1114 3268 1320 3320 Reiske.
1355 3266 1559 3334 Lipsiae,
1592 3271 1721 3322 1777.
1749 3272 1790 3316 t.
1822 3269 1945 3332 7‚1p.
1980 3269 2076 3315 142.

168 3413 171 3416 ,
217 3354 284 3429 (4)
319 3359 522 3421 Livius,
550 3359 644 3422 IV,
677 3365 747 3422 36,
780 3376 862 3411 an.
894 3365 973 3410 422
1001 3376 1048 3410 a.
1082 3357 1180 3411 Ch.
