3005 4955
1039 315 1396 383 ...35-

110 451 201 517 ad
232 450 599 519 arbitrium
635 450 848 520 sciret
873 466 952 520 se
985 473 1194 540 posse
1234 455 1712 528 indemnatum
1750 461 1871 527 aut
1910 459 2158 530 vinciri
2187 466 2308 533 aut

111 567 398 635 necari?
430 570 553 635 ,ius
586 568 973 638 vocationis
1009 591 1152 639 non
1184 574 1518 642 habuisse
1552 575 1869 645 tribunos
1893 577 2142 665 plebis,
2172 598 2308 647 ne*-

110 701 244 770 que
273 683 634 752 absentem
658 684 747 752 ad
789 705 867 754 se
900 688 1128 755 accire
1166 690 1486 758 debuisse
1527 695 1605 761 ut
1635 694 2114 779 responderet,
2164 695 2308 762 An-

109 797 346 867 tistius
388 801 616 868 Labeo
658 805 727 868 et
769 803 997 874 Varro
1044 808 1369 874 auctores
1420 812 1606 877 sunt.
1657 809 2040 877 Vocatione
2073 814 2310 878 tamen

113 933 238 984 eos
267 934 435 986 usos
465 934 623 987 esse
649 918 1064 1005 saepissime,
1080 923 1384 1013 perinde
1415 928 1621 1010 atque
1655 926 2027 1009 haberent,
2075 926 2307 995 Varro

112 1049 246 1099 nos
278 1029 483 1110 docet
513 1032 627 1123 (1).
661 1036 897 1122 Neque
925 1037 996 1104 id
1025 1039 1305 1108 mirum.
1349 1041 1508 1109 Non
1535 1042 1759 1110 solum
1788 1042 1974 1110 enlm
2002 1041 2304 1123 vocatio,

114 1149 240 1223 sed
263 1150 382 1235 ⁸ius
414 1151 679 1221 citandi
708 1153 797 1219 ad
828 1154 1127 1242 plebem,
1176 1156 1297 1241 jus
1353 1156 1593 1225 auxilii
1640 1162 1710 1227 et
1759 1157 2311 1240 intercessionis,

110 1265 235 1350 Jus
262 1267 498 1334 omnia
530 1268 837 1351 vetandi,
863 1270 1025 1353 Jure
1053 1271 1246 1360 cives
1280 1275 1348 1339 et
1379 1272 1836 1356 magistratus
1864 1274 2082 1361 ipsos,
2099 1289 2314 1363 pren-

123 1380 334 1451 dendi
371 1387 441 1453 et
472 1385 560 1454 de
588 1404 763 1474 rupe
782 1386 1100 1473 Tarpeia,
1128 1384 1388 1457 indicta
1435 1405 1673 1471 causa,
1709 1390 2106 1475 dejiciendi,
2152 1394 2317 1460 con·

121 1503 547 1572 tinebantur6

180 1609 485 1686 'Nullum
540 1618 844 1687 nobilius
896 1636 1120 1705 neque
1169 1620 1521 1705 antiquius
1565 1607 1962 1708 e‘xemplum
1997 1621 2309 1709 reperias

106 1730 303 1801 illius
361 1735 560 1820 quasi
607 1734 992 1807 dictatoriae
1022 1737 1461 1804 tribunorum
1497 1738 1888 1823 potestatis,
1920 1755 2130 1823 quam
2169 1740 2315 1806 Co-

119 1850 370 1919 riolani
397 1852 765 1936 Judicium,
801 1854 987 1939 quod
1021 1853 1281 1923 factum
1326 1872 1483 1922 esse
1523 1852 1728 1921 tertio
1767 1858 1929 1941 post
1962 1853 2315 1922 secessio-

117 1988 280 2036 nem
311 1987 496 2038 anno
533 1970 770 2039 Livius
800 1970 926 2063 (2),
957 1972 1331 2057 Dionysius
1369 1971 1454 2060 (3)
1487 1976 1557 2040 et
1590 1972 2007 2041 Plutarchus
2041 1970 2127 2060 (4)
2163 1975 2319 2041 tes-

120 2088 382 2167 tantur,
415 2087 716 2155 Minucio
749 2092 819 2155 et
846 2088 1254 2174 Sempronio
1285 2088 1713 2157 consulibua.
1769 2088 2169 2174 DionysiuS,
2231 2088 2321 2155 ad

121 2203 513 2271 satietatem
561 2222 781 2289 usque
825 2206 1196 2287 verbosUS,
1242 2208 1459 2273 totam
1499 2222 1651 2274 rem
1692 2205 1788 2271 ita
1826 2205 2204 2286 enarravit,
2242 2206 2318 2273 u't

121 2318 516 2387 orationum
561 2320 968 2389 occasiones
1010 2320 1380 2407 captando,
1422 2329 1598 2405 quas
1631 2338 1722 2387 ex
1759 2320 2123 2387 rhetorum
2157 2337 2320 2386 um-

119 2434 427 2503 braculis
475 2436 550 2505 iu
605 2437 920 2506 historiae
969 2439 1197 2506 lucem
1248 2437 1686 2525 produceret,
1752 2436 2180 2523 aliquantum
2236 2433 2322 2503 de

120 2551 254 2618 fide
294 2552 405 2619 sui
435 2552 594 2620 libri
638 2554 788 2639 ipse
822 2555 1222 2622 detraxerit.
1277 2556 1382 2622 Ex
1434 2554 1571 2621 illis
1623 2556 1856 2620 tamen
1907 2552 2322 2639 eloquentiae

123 2667 444 2736 fluctibus
478 2671 822 2754 naufraga
864 2674 1050 2738 haud
1095 2671 1476 2738 infitiandae
1525 2668 1955 2756 antiquitatis
2005 2669 2324 2757 quaedam

124 2785 427 2867 vestigia
456 2775 787 2874 colligere
806 2788 1032 2863 liceat.
1073 2771 1298 2863 Quum
1328 2787 1631 2853 Marcius
1668 2784 2084 2856 Coriolanus
2113 2803 2326 2853 anno·

125 2918 235 2968 nae
261 2902 625 2970 caritatem
654 2922 797 2970 non
826 2903 1493 2991 praetermittandam
1523 2903 1598 2968 in
1629 2903 1877 2969 senatu
1905 2904 2321 2983 censuisset,

127 3021 192 3083 et
244 3018 631 3108 occasione,
676 3013 907 3086 oblata
951 3019 1309 3097 utendum,
1364 3022 1441 3085 ut
1490 3017 2006 3085 conditionibus
2043 3016 2326 3088 laxandi

127 3151 505 3213 annonam,
544 3134 989 3202 tribuniciam
1020 3137 1464 3220 potestatem,
1491 3133 1693 3220 quasi
1719 3133 2155 3224 redimendo,
2185 3135 2331 3208 Pa·-

199 3482 267 3554 (1)
298 3478 703 3548 Genius,'X111,
735 3492 805 3538 12.

197 3570 256 3642 (2)
287 3579 491 3637 LiviuS,
522 3577 590 3637 11,
623 3582 693 3627 34.

198 3658 258 3732 Ι3)
290 3668 597 3731 Dionysius,
630 3667 751 3726 VII,
783 3671 941 3716 25-65.

198 3748 255 3818 (4)
287 3755 613 3814 PlutarchuS,
646 3756 699 3805 in
746 3754 1020 3815 Coriolana,
1057 3758 1209 3804 16-20.
1242 3752 1550 3805 Niebuhrius
1587 3754 1917 3819 nequicquam
1958 3749 2052 3801 hoc
2089 3749 2333 3815 judicium

133 3841 309 3906 viginti
324 3848 446 3901 post
465 3844 608 3892 annis
636 3842 821 3892 factum
849 3859 959 3892 esse
987 3843 1257 3903 contendit,
1289 3849 1404 3909 post
1430 3842 1594 3907 legem
1625 3840 1893 3891 Publiliam
1907 3839 2189 3891 Voleronis.
2221 3837 2337 3891 Hoc

134 3937 207 3979 est
233 3931 500 3980 historiam
529 3948 777 3982 romanam
806 3949 902 3982 non
932 3932 1198 3999 explicare,
1231 3932 1320 3983 sed
1349 3938 1648 3998 pervertere.
1682 3929 1857 3996 Neque
1890 3930 2019 3980 hane
2045 3927 2111 3980 ab*
2134 3945 2190 3979 eo
2219 3932 2338 3996 opi-

135 4015 327 4066 nionem
375 4018 664 4083 gravissimi
707 4019 970 4083 scriptores
1013 4020 1225 4067 mutuati
1254 4025 1434 4077 essent,
1461 4018 1561 4066 nisi
1601 4031 1770 4066 eorum
1796 4014 2044 4066 mentibus
2071 4015 2338 4068 insedisset

136 4106 297 4172 imago
347 4106 611 4171 cujusdam
657 4105 860 4157 humilis
903 4114 953 4157 et
994 4107 1197 4157 infantis
1224 4105 1582 4173 quodammodo
1619 4103 1922 4164 tribunatus,
1965 4103 2049 4169 qui
2089 4113 2341 4166 nunquam

138 4195 249 4247 talis
278 4195 396 4249 fuit.
433 4183 610 4248 -'Cf.
644 4196 844 4264 Duruy,
876 4204 915 4247 t.
950 4198 1067 4258 101'.‚
1100 4197 1179 4249 ch.
1211 4195 1304 4257 III,
1337 4192 1371 4256 ἓ
1399 4195 1492 4256 ΙΙΙ,
1525 4212 1576 4262 p.
1612 4199 1708 4255 160,
1739 4202 1855 4245 note
1880 4200 1924 4244 ².
