<?xml version="1.0" encoding="UTF-8"?>
<!DOCTYPE html PUBLIC "-//W3C//DTD XHTML 1.0 Transitional//EN"
    "http://www.w3.org/TR/xhtml1/DTD/xhtml1-transitional.dtd">
<html xmlns="http://www.w3.org/1999/xhtml" xml:lang="en" lang="en">
 <head>
  <title>
</title>
<meta http-equiv="Content-Type" content="text/html;charset=utf-8" />
  <meta name='ocr-system' content='tesseract 3.04.00' />
  <meta name='ocr-capabilities' content='ocr_page ocr_carea ocr_par ocr_line ocrx_word'/>
</head>
<body>
  <div class='ocr_page' id='page_1' title='image "./detribunisplebi00belogoog_0052.png"; bbox 0 0 3005 4955; ppageno 0'>
   <div class='ocr_carea' id='block_1_1' title="bbox 1572 367 1925 434">
    <p class='ocr_par' dir='ltr' id='par_1_1' title="bbox 1572 367 1925 434">
     <span class='ocr_line' id='line_1_1' title="bbox 1572 367 1925 434; baseline 0 -18"><span class='ocrx_word' id='word_1_1' title='bbox 1572 367 1925 434; x_wconf 69' lang='lat'>-42-</span> 
     </span>
    </p>
   </div>
   <div class='ocr_carea' id='block_1_2' title="bbox 647 505 2958 3630">
    <p class='ocr_par' dir='ltr' id='par_1_2' title="bbox 647 505 2958 3630">
     <span class='ocr_line' id='line_1_2' title="bbox 649 505 2843 596; baseline -0.005 -10"><span class='ocrx_word' id='word_1_2' title='bbox 649 516 857 586; x_wconf 89' lang='lat' dir='ltr'>aliam</span> <span class='ocrx_word' id='word_1_3' title='bbox 870 533 1019 584; x_wconf 88' lang='lat' dir='ltr'>rem</span> <span class='ocrx_word' id='word_1_4' title='bbox 1068 512 1388 581; x_wconf 80' lang='lat' dir='ltr'><strong>debuisse</strong></span> <span class='ocrx_word' id='word_1_5' title='bbox 1421 510 1750 596; x_wconf 80' lang='lat' dir='ltr'>aggredi,</span> <span class='ocrx_word' id='word_1_6' title='bbox 1786 513 1854 576; x_wconf 89' lang='lat' dir='ltr'>et</span> <span class='ocrx_word' id='word_1_7' title='bbox 1896 505 2170 596; x_wconf 81' lang='lat' dir='ltr'>patricii</span> <span class='ocrx_word' id='word_1_8' title='bbox 2240 505 2414 573; x_wconf 90' lang='lat' dir='ltr'>olim</span> <span class='ocrx_word' id='word_1_9' title='bbox 2474 508 2843 574; x_wconf 86' lang='lat' dir='ltr'>contende-</span> 
     </span>
     <span class='ocr_line' id='line_1_3' title="bbox 647 626 2840 715; baseline -0.005 -13"><span class='ocrx_word' id='word_1_10' title='bbox 647 632 841 715; x_wconf 82' lang='lat' dir='ltr'>runt,</span> <span class='ocrx_word' id='word_1_11' title='bbox 866 628 1157 699; x_wconf 84' lang='lat' dir='ltr'>etmulti</span> <span class='ocrx_word' id='word_1_12' title='bbox 1201 628 1573 696; x_wconf 81' lang='lat' dir='ltr'>recentiori</span> <span class='ocrx_word' id='word_1_13' title='bbox 1629 631 1831 695; x_wconf 83' lang='lat' dir='ltr'>aetate</span> <span class='ocrx_word' id='word_1_14' title='bbox 1895 645 2132 693; x_wconf 84' lang='lat' dir='ltr'>rerum</span> <span class='ocrx_word' id='word_1_15' title='bbox 2165 626 2840 714; x_wconf 66' lang='lat' dir='ltr'>antiquarum&#39;periti</span> 
     </span>
     <span class='ocr_line' id='line_1_4' title="bbox 653 743 2844 833; baseline -0.004 -16"><span class='ocrx_word' id='word_1_16' title='bbox 653 748 1223 817; x_wconf 81' lang='lat' dir='ltr'>existimaverunt</span> <span class='ocrx_word' id='word_1_17' title='bbox 1256 744 1376 833; x_wconf 89' lang='lat'>(1).</span> <span class='ocrx_word' id='word_1_18' title='bbox 1412 745 1541 811; x_wconf 88' lang='lat' dir='ltr'>Cui</span> <span class='ocrx_word' id='word_1_19' title='bbox 1588 743 1895 830; x_wconf 84' lang='lat' dir='ltr'>opinioni</span> <span class='ocrx_word' id='word_1_20' title='bbox 1931 761 2093 819; x_wconf 88' lang='lat' dir='ltr'>cum</span> <span class='ocrx_word' id='word_1_21' title='bbox 2120 746 2374 810; x_wconf 88' lang='lat' dir='ltr'>natura</span> <span class='ocrx_word' id='word_1_22' title='bbox 2435 743 2844 822; x_wconf 74' lang='lat' dir='ltr'>tribunatuS,</span> 
     </span>
     <span class='ocr_line' id='line_1_5' title="bbox 652 858 2846 948; baseline -0.004 -15"><span class='ocrx_word' id='word_1_23' title='bbox 652 870 799 933; x_wconf 90' lang='lat' dir='ltr'>tum</span> <span class='ocrx_word' id='word_1_24' title='bbox 825 861 1012 931; x_wconf 84' lang='lat' dir='ltr'>facta</span> <span class='ocrx_word' id='word_1_25' title='bbox 1037 862 1191 948; x_wconf 90' lang='lat' dir='ltr'>ipsa</span> <span class='ocrx_word' id='word_1_26' title='bbox 1236 861 1708 945; x_wconf 83' lang='lat' dir='ltr'>refragantur.</span> <span class='ocrx_word' id='word_1_27' title='bbox 1735 858 1968 927; x_wconf 86' lang='lat' dir='ltr'>Multis</span> <span class='ocrx_word' id='word_1_28' title='bbox 1988 863 2223 927; x_wconf 88' lang='lat' dir='ltr'>tamen</span> <span class='ocrx_word' id='word_1_29' title='bbox 2266 862 2584 927; x_wconf 85' lang='lat' dir='ltr'>veterum</span> <span class='ocrx_word' id='word_1_30' title='bbox 2626 858 2846 926; x_wconf 82' lang='lat' dir='ltr'>verbis</span> 
     </span>
     <span class='ocr_line' id='line_1_6' title="bbox 652 968 2843 1063; baseline -0.005 -14"><span class='ocrx_word' id='word_1_31' title='bbox 652 985 721 1049; x_wconf 89' lang='lat' dir='ltr'>et</span> <span class='ocrx_word' id='word_1_32' title='bbox 747 978 1107 1048; x_wconf 88' lang='lat' dir='ltr'>sententiis</span> <span class='ocrx_word' id='word_1_33' title='bbox 1125 968 1418 1063; x_wconf 86' lang='lat' dir='ltr'>carptim</span> <span class='ocrx_word' id='word_1_34' title='bbox 1450 977 1612 1043; x_wconf 85' lang='lat' dir='ltr'>hinc</span> <span class='ocrx_word' id='word_1_35' title='bbox 1636 980 1844 1061; x_wconf 86' lang='lat' dir='ltr'>atque</span> <span class='ocrx_word' id='word_1_36' title='bbox 1895 975 2085 1042; x_wconf 88' lang='lat' dir='ltr'>illinc</span> <span class='ocrx_word' id='word_1_37' title='bbox 2108 974 2308 1042; x_wconf 86' lang='lat' dir='ltr'>lectis</span> <span class='ocrx_word' id='word_1_38' title='bbox 2336 979 2403 1042; x_wconf 83' lang='lat' dir='ltr'>et</span> <span class='ocrx_word' id='word_1_39' title='bbox 2433 976 2636 1061; x_wconf 84' lang='lat' dir='ltr'>quasi</span> <span class='ocrx_word' id='word_1_40' title='bbox 2673 992 2843 1042; x_wconf 88' lang='lat' dir='ltr'>com-</span> 
     </span>
     <span class='ocr_line' id='line_1_7' title="bbox 653 1086 2958 1183; baseline -0.003 -24"><span class='ocrx_word' id='word_1_41' title='bbox 653 1091 939 1159; x_wconf 86' lang='lat' dir='ltr'>minutis</span> <span class='ocrx_word' id='word_1_42' title='bbox 964 1090 1309 1175; x_wconf 82' lang='lat' dir='ltr'>judicium</span> <span class='ocrx_word' id='word_1_43' title='bbox 1351 1088 1522 1155; x_wconf 91' lang='lat' dir='ltr'>illud</span> <span class='ocrx_word' id='word_1_44' title='bbox 1566 1089 1838 1172; x_wconf 88' lang='lat' dir='ltr'>nititur,</span> <span class='ocrx_word' id='word_1_45' title='bbox 1880 1088 2067 1175; x_wconf 85' lang='lat' dir='ltr'>quod</span> <span class='ocrx_word' id='word_1_46' title='bbox 2113 1086 2509 1173; x_wconf 85' lang='lat' dir='ltr'>cujusmodi</span> <span class='ocrx_word' id='word_1_47' title='bbox 2570 1088 2664 1156; x_wconf 90' lang='lat' dir='ltr'>sit</span> <span class='ocrx_word' id='word_1_48' title='bbox 2721 1105 2844 1155; x_wconf 88' lang='lat' dir='ltr'>uno</span> <span class='ocrx_word' id='word_1_49' title='bbox 2957 1180 2958 1183; x_wconf 8' lang='grc' dir='ltr'><strong>Ἴ</strong></span> 
     </span>
     <span class='ocr_line' id='line_1_8' title="bbox 653 1202 2833 1292; baseline -0.005 -17"><span class='ocrx_word' id='word_1_50' title='bbox 653 1206 971 1292; x_wconf 85' lang='lat' dir='ltr'>exemplo</span> <span class='ocrx_word' id='word_1_51' title='bbox 995 1206 1198 1273; x_wconf 90' lang='lat' dir='ltr'>liceat</span> <span class='ocrx_word' id='word_1_52' title='bbox 1222 1205 1570 1290; x_wconf 86' lang='lat' dir='ltr'>explicare</span> <span class='ocrx_word' id='word_1_53' title='bbox 1590 1217 1607 1270; x_wconf 76' lang='lat' dir='ltr'>t</span> <span class='ocrx_word' id='word_1_54' title='bbox 2343 1202 2348 1205; x_wconf 81' lang='grc'><strong>’</strong></span> <span class='ocrx_word' id='word_1_55' title='bbox 2829 1203 2833 1208; x_wconf 84' lang='grc'><strong>’</strong></span> 
     </span>
     <span class='ocr_line' id='line_1_9' title="bbox 707 1314 2846 1409; baseline -0.001 -19"><span class='ocrx_word' id='word_1_56' title='bbox 707 1336 718 1346; x_wconf 87' lang='lat'><em>·</em></span> <span class='ocrx_word' id='word_1_57' title='bbox 745 1323 1118 1409; x_wconf 85' lang='lat' dir='ltr'>Dionysius</span> <span class='ocrx_word' id='word_1_58' title='bbox 1142 1322 1463 1389; x_wconf 88' lang='lat' dir='ltr'>consules</span> <span class='ocrx_word' id='word_1_59' title='bbox 1487 1321 1818 1408; x_wconf 86' lang='lat' dir='ltr'>patricios</span> <span class='ocrx_word' id='word_1_60' title='bbox 1855 1320 2245 1391; x_wconf 62' lang='lat' dir='ltr'>,Romilium</span> <span class='ocrx_word' id='word_1_61' title='bbox 2284 1325 2352 1389; x_wconf 87' lang='lat' dir='ltr'>et</span> <span class='ocrx_word' id='word_1_62' title='bbox 2385 1314 2753 1391; x_wconf 86' lang='lat' dir='ltr'>Veturium</span> <span class='ocrx_word' id='word_1_63' title='bbox 2779 1323 2846 1387; x_wconf 87' lang='lat' dir='ltr'>in</span> 
     </span>
     <span class='ocr_line' id='line_1_10' title="bbox 656 1438 2842 1507; baseline -0.003 0"><span class='ocrx_word' id='word_1_64' title='bbox 656 1443 905 1507; x_wconf 88' lang='lat' dir='ltr'>senatu</span> <span class='ocrx_word' id='word_1_65' title='bbox 943 1439 1363 1506; x_wconf 81' lang='lat' dir='ltr'>disserentes</span> <span class='ocrx_word' id='word_1_66' title='bbox 1395 1441 1641 1505; x_wconf 89' lang='lat' dir='ltr'>contra</span> <span class='ocrx_word' id='word_1_67' title='bbox 1688 1438 2116 1505; x_wconf 87' lang='lat' dir='ltr'>tribunatum</span> <span class='ocrx_word' id='word_1_68' title='bbox 2143 1438 2410 1505; x_wconf 83' lang='lat' dir='ltr'>inducit</span> <span class='ocrx_word' id='word_1_69' title='bbox 2447 1457 2465 1505; x_wconf 74' lang='grc' dir='ltr'><strong><em>ε</em></strong></span> <span class='ocrx_word' id='word_1_70' title='bbox 2521 1464 2550 1499; x_wconf 73' lang='grc' dir='ltr'><strong>α</strong></span> <span class='ocrx_word' id='word_1_71' title='bbox 2583 1439 2842 1507; x_wconf 83' lang='lat' dir='ltr'>Scilicet</span> 
     </span>
     <span class='ocr_line' id='line_1_11' title="bbox 659 1553 2839 1638; baseline 0 -20"><span class='ocrx_word' id='word_1_72' title='bbox 659 1582 690 1618; x_wconf 78' lang='lat'><strong>»</strong></span> <span class='ocrx_word' id='word_1_73' title='bbox 718 1554 1121 1631; x_wconf 88' lang='lat' dir='ltr'>consulibus</span> <span class='ocrx_word' id='word_1_74' title='bbox 1140 1555 1576 1638; x_wconf 76' lang='lat' dir='ltr'>maJestatem</span> <span class='ocrx_word' id='word_1_75' title='bbox 1603 1553 1873 1636; x_wconf 89' lang='lat' dir='ltr'>regiam</span> <span class='ocrx_word' id='word_1_76' title='bbox 1905 1554 2134 1619; x_wconf 88' lang='lat' dir='ltr'>datam</span> <span class='ocrx_word' id='word_1_77' title='bbox 2151 1571 2171 1635; x_wconf 84' lang='lat'><em>3</em></span> <span class='ocrx_word' id='word_1_78' title='bbox 2210 1554 2658 1622; x_wconf 82' lang='lat' dir='ltr'>tribuniciam</span> <span class='ocrx_word' id='word_1_79' title='bbox 2689 1570 2839 1620; x_wconf 88' lang='lat' dir='ltr'>vero</span> 
     </span>
     <span class='ocr_line' id='line_1_12' title="bbox 664 1670 2839 1757; baseline 0.001 -24"><span class='ocrx_word' id='word_1_80' title='bbox 664 1696 695 1733; x_wconf 82' lang='lat'><strong>»</strong></span> <span class='ocrx_word' id='word_1_81' title='bbox 734 1674 1167 1757; x_wconf 82' lang='lat' dir='ltr'>potestatem,</span> <span class='ocrx_word' id='word_1_82' title='bbox 1199 1671 1395 1757; x_wconf 87' lang='lat' dir='ltr'>quasi</span> <span class='ocrx_word' id='word_1_83' title='bbox 1422 1670 1898 1747; x_wconf 86' lang='lat' dir='ltr'>adventitiam,</span> <span class='ocrx_word' id='word_1_84' title='bbox 1936 1674 2226 1736; x_wconf 90' lang='lat' dir='ltr'>eatenus</span> <span class='ocrx_word' id='word_1_85' title='bbox 2261 1671 2644 1738; x_wconf 88' lang='lat' dir='ltr'>admissam</span> <span class='ocrx_word' id='word_1_86' title='bbox 2676 1689 2839 1746; x_wconf 83' lang='lat' dir='ltr'>esse,</span> 
     </span>
     <span class='ocr_line' id='line_1_13' title="bbox 657 1781 2832 1870; baseline -0.001 -23"><span class='ocrx_word' id='word_1_87' title='bbox 657 1808 687 1847; x_wconf 73' lang='grc' dir='ltr'><strong>ι</strong></span> <span class='ocrx_word' id='word_1_88' title='bbox 725 1788 802 1853; x_wconf 91' lang='lat' dir='ltr'>ut</span> <span class='ocrx_word' id='word_1_89' title='bbox 838 1785 940 1854; x_wconf 89' lang='lat' dir='ltr'>eis</span> <span class='ocrx_word' id='word_1_90' title='bbox 966 1784 1224 1851; x_wconf 83' lang='lat' dir='ltr'>auxilio</span> <span class='ocrx_word' id='word_1_91' title='bbox 1245 1788 1426 1851; x_wconf 88' lang='lat' dir='ltr'>esset</span> <span class='ocrx_word' id='word_1_92' title='bbox 1455 1782 1707 1870; x_wconf 82' lang='lat' dir='ltr'>quibus</span> <span class='ocrx_word' id='word_1_93' title='bbox 1740 1783 1848 1847; x_wconf 87' lang='lat' dir='ltr'>vis</span> <span class='ocrx_word' id='word_1_94' title='bbox 1871 1782 2091 1861; x_wconf 88' lang='lat' dir='ltr'>fieret,</span> <span class='ocrx_word' id='word_1_95' title='bbox 2122 1800 2347 1866; x_wconf 85' lang='lat' dir='ltr'>neque</span> <span class='ocrx_word' id='word_1_96' title='bbox 2374 1801 2608 1867; x_wconf 86' lang='lat' dir='ltr'>posse,</span> <span class='ocrx_word' id='word_1_97' title='bbox 2629 1781 2832 1849; x_wconf 88' lang='lat' dir='ltr'>invito</span> 
     </span>
     <span class='ocr_line' id='line_1_14' title="bbox 662 1897 2842 1988; baseline -0.001 -25"><span class='ocrx_word' id='word_1_98' title='bbox 662 1928 692 1963; x_wconf 62' lang='lat'>&gt;0</span> <span class='ocrx_word' id='word_1_99' title='bbox 729 1905 996 1979; x_wconf 82' lang='lat' dir='ltr'>senatu,</span> <span class='ocrx_word' id='word_1_100' title='bbox 1032 1920 1186 1968; x_wconf 91' lang='lat' dir='ltr'>eam</span> <span class='ocrx_word' id='word_1_101' title='bbox 1203 1903 1613 1988; x_wconf 86' lang='lat' dir='ltr'>potestatem</span> <span class='ocrx_word' id='word_1_102' title='bbox 1647 1918 1736 1965; x_wconf 90' lang='lat' dir='ltr'>ne</span> <span class='ocrx_word' id='word_1_103' title='bbox 1758 1897 1829 1965; x_wconf 91' lang='lat' dir='ltr'>in</span> <span class='ocrx_word' id='word_1_104' title='bbox 1851 1897 2217 1963; x_wconf 90' lang='lat' dir='ltr'>minimum</span> <span class='ocrx_word' id='word_1_105' title='bbox 2238 1898 2517 1983; x_wconf 88' lang='lat' dir='ltr'>quidem</span> <span class='ocrx_word' id='word_1_106' title='bbox 2534 1897 2842 1984; x_wconf 90' lang='lat' dir='ltr'>patricio-</span> 
     </span>
     <span class='ocr_line' id='line_1_15' title="bbox 661 2011 2847 2101; baseline -0.002 -22"><span class='ocrx_word' id='word_1_107' title='bbox 661 2043 692 2079; x_wconf 79' lang='lat'><strong>»</strong></span> <span class='ocrx_word' id='word_1_108' title='bbox 722 2036 905 2097; x_wconf 91' lang='lat' dir='ltr'>rum,</span> <span class='ocrx_word' id='word_1_109' title='bbox 920 2017 1173 2082; x_wconf 88' lang='lat' dir='ltr'>nedum</span> <span class='ocrx_word' id='word_1_110' title='bbox 1189 2016 1264 2082; x_wconf 92' lang='lat' dir='ltr'>in</span> <span class='ocrx_word' id='word_1_111' title='bbox 1283 2016 1630 2094; x_wconf 83' lang='lat' dir='ltr'>consuleS,</span> <span class='ocrx_word' id='word_1_112' title='bbox 1651 2012 1981 2079; x_wconf 79' lang='lat' dir='ltr'>intendi.»</span> <span class='ocrx_word' id='word_1_113' title='bbox 2008 2012 2204 2089; x_wconf 89' lang='lat' dir='ltr'>Quod</span> <span class='ocrx_word' id='word_1_114' title='bbox 2223 2011 2438 2079; x_wconf 89' lang='lat' dir='ltr'>sinon</span> <span class='ocrx_word' id='word_1_115' title='bbox 2458 2013 2684 2101; x_wconf 86' lang='lat' dir='ltr'>solum</span> <span class='ocrx_word' id='word_1_116' title='bbox 2701 2012 2847 2078; x_wconf 88' lang='lat' dir='ltr'>huic</span> 
     </span>
     <span class='ocr_line' id='line_1_16' title="bbox 656 2128 2842 2223; baseline -0.004 -23"><span class='ocrx_word' id='word_1_117' title='bbox 656 2132 819 2200; x_wconf 88' lang='lat' dir='ltr'>trito</span> <span class='ocrx_word' id='word_1_118' title='bbox 854 2132 924 2196; x_wconf 87' lang='lat' dir='ltr'>et</span> <span class='ocrx_word' id='word_1_119' title='bbox 952 2129 1375 2215; x_wconf 84' lang='lat' dir='ltr'>pervulgato</span> <span class='ocrx_word' id='word_1_120' title='bbox 1422 2131 1507 2195; x_wconf 91' lang='lat' dir='ltr'>de</span> <span class='ocrx_word' id='word_1_121' title='bbox 1561 2129 1950 2195; x_wconf 88' lang='lat' dir='ltr'>humilitate</span> <span class='ocrx_word' id='word_1_122' title='bbox 1993 2128 2385 2195; x_wconf 87' lang='lat' dir='ltr'>tribunatus</span> <span class='ocrx_word' id='word_1_123' title='bbox 2434 2128 2590 2198; x_wconf 87' lang='lat' dir='ltr'>loco</span> <span class='ocrx_word' id='word_1_124' title='bbox 2647 2130 2842 2223; x_wconf 20' lang='lat' dir='ltr'>‘libeat</span> 
     </span>
     <span class='ocr_line' id='line_1_17' title="bbox 657 2234 2835 2340; baseline -0.002 -26"><span class='ocrx_word' id='word_1_125' title='bbox 657 2246 1007 2327; x_wconf 88' lang='lat' dir='ltr'>insistere,</span> <span class='ocrx_word' id='word_1_126' title='bbox 1062 2246 1184 2312; x_wconf 89' lang='lat' dir='ltr'>sed</span> <span class='ocrx_word' id='word_1_127' title='bbox 1239 2246 1455 2317; x_wconf 88' lang='lat' dir='ltr'>totam</span> <span class='ocrx_word' id='word_1_128' title='bbox 1521 2243 1834 2329; x_wconf 87' lang='lat' dir='ltr'>Dionysii</span> <span class='ocrx_word' id='word_1_129' title='bbox 1887 2234 2363 2340; x_wconf 74' lang='lat' dir='ltr'>narrationem</span> <span class='ocrx_word' id='word_1_130' title='bbox 2410 2263 2835 2331; x_wconf 86' lang='lat' dir='ltr'>percurrere,</span> 
     </span>
     <span class='ocr_line' id='line_1_18' title="bbox 653 2357 2828 2449; baseline -0.003 -19"><span class='ocrx_word' id='word_1_131' title='bbox 653 2362 866 2445; x_wconf 89' lang='lat' dir='ltr'>longe</span> <span class='ocrx_word' id='word_1_132' title='bbox 892 2359 1091 2429; x_wconf 82' lang='lat' dir='ltr'>aliter</span> <span class='ocrx_word' id='word_1_133' title='bbox 1109 2378 1221 2428; x_wconf 90' lang='lat' dir='ltr'>res</span> <span class='ocrx_word' id='word_1_134' title='bbox 1248 2359 1395 2445; x_wconf 89' lang='lat' dir='ltr'>ipsa</span> <span class='ocrx_word' id='word_1_135' title='bbox 1440 2359 1806 2449; x_wconf 4' lang='lat' dir='ltr'>senhabere</span> <span class='ocrx_word' id='word_1_136' title='bbox 1838 2358 2181 2428; x_wconf 86' lang='lat' dir='ltr'>videbitur</span> <span class='ocrx_word' id='word_1_137' title='bbox 2225 2357 2339 2447; x_wconf 78' lang='lat'>(2).</span> <span class='ocrx_word' id='word_1_138' title='bbox 2397 2361 2598 2434; x_wconf 88' lang='lat' dir='ltr'>Nam,</span> <span class='ocrx_word' id='word_1_139' title='bbox 2633 2378 2828 2446; x_wconf 86' lang='lat' dir='ltr'>quum</span> 
     </span>
     <span class='ocr_line' id='line_1_19' title="bbox 660 2475 2845 2564; baseline -0.001 -19"><span class='ocrx_word' id='word_1_140' title='bbox 660 2475 944 2560; x_wconf 87' lang='lat' dir='ltr'>tribuni,</span> <span class='ocrx_word' id='word_1_141' title='bbox 980 2497 1106 2544; x_wconf 91' lang='lat' dir='ltr'>suo</span> <span class='ocrx_word' id='word_1_142' title='bbox 1128 2495 1344 2555; x_wconf 90' lang='lat' dir='ltr'>more,</span> <span class='ocrx_word' id='word_1_143' title='bbox 1370 2475 1710 2542; x_wconf 87' lang='lat' dir='ltr'>delectum</span> <span class='ocrx_word' id='word_1_144' title='bbox 1728 2476 2019 2544; x_wconf 91' lang='lat' dir='ltr'>militum</span> <span class='ocrx_word' id='word_1_145' title='bbox 2054 2475 2489 2564; x_wconf 86' lang='lat' dir='ltr'>impedirent,</span> <span class='ocrx_word' id='word_1_146' title='bbox 2512 2477 2845 2546; x_wconf 71' lang='lat' dir='ltr'>consules</span> 
     </span>
     <span class='ocr_line' id='line_1_20' title="bbox 662 2591 2842 2688; baseline -0.002 -26"><span class='ocrx_word' id='word_1_147' title='bbox 662 2597 1061 2679; x_wconf 90' lang='lat' dir='ltr'>contempta</span> <span class='ocrx_word' id='word_1_148' title='bbox 1110 2591 1628 2671; x_wconf 85' lang='lat' dir='ltr'>intercessione,</span> <span class='ocrx_word' id='word_1_149' title='bbox 1665 2593 2050 2659; x_wconf 88' lang='lat' dir='ltr'>nonnullos·</span> <span class='ocrx_word' id='word_1_150' title='bbox 2078 2612 2164 2659; x_wconf 83' lang='lat' dir='ltr'>ex</span> <span class='ocrx_word' id='word_1_151' title='bbox 2210 2592 2318 2674; x_wconf 84' lang='lat' dir='ltr'>iis,</span> <span class='ocrx_word' id='word_1_152' title='bbox 2371 2594 2484 2678; x_wconf 88' lang='lat' dir='ltr'>qui</span> <span class='ocrx_word' id='word_1_153' title='bbox 2538 2595 2842 2688; x_wconf 82' lang='lat' dir='ltr'>tribunos</span> 
     </span>
     <span class='ocr_line' id='line_1_21' title="bbox 668 2707 2836 2800; baseline -0.003 -23"><span class='ocrx_word' id='word_1_154' title='bbox 668 2710 888 2797; x_wconf 87' lang='lat' dir='ltr'>plebis</span> <span class='ocrx_word' id='word_1_155' title='bbox 922 2710 1463 2800; x_wconf 86' lang='lat' dir='ltr'>appellaverant,</span> <span class='ocrx_word' id='word_1_156' title='bbox 1488 2708 1561 2775; x_wconf 90' lang='lat' dir='ltr'>in</span> <span class='ocrx_word' id='word_1_157' title='bbox 1593 2727 1945 2776; x_wconf 86' lang='lat' dir='ltr'>carcerem</span> <span class='ocrx_word' id='word_1_158' title='bbox 1976 2709 2128 2776; x_wconf 83' lang='lat' dir='ltr'>duci</span> <span class='ocrx_word' id='word_1_159' title='bbox 2144 2711 2525 2793; x_wconf 87' lang='lat' dir='ltr'>jusserant,</span> <span class='ocrx_word' id='word_1_160' title='bbox 2585 2715 2659 2778; x_wconf 92' lang='lat' dir='ltr'>et</span> <span class='ocrx_word' id='word_1_161' title='bbox 2689 2707 2836 2777; x_wconf 84' lang='lat' dir='ltr'>viri-</span> 
     </span>
     <span class='ocr_line' id='line_1_22' title="bbox 661 2822 2848 2915; baseline -0.004 -20"><span class='ocrx_word' id='word_1_162' title='bbox 661 2828 801 2895; x_wconf 89' lang='lat' dir='ltr'>bus</span> <span class='ocrx_word' id='word_1_163' title='bbox 845 2823 1162 2896; x_wconf 76' lang='lat' dir='ltr'>tribunos</span> <span class='ocrx_word' id='word_1_164' title='bbox 1187 2828 1630 2915; x_wconf 82' lang='lat' dir='ltr'>superabant.</span> <span class='ocrx_word' id='word_1_165' title='bbox 1665 2827 1820 2904; x_wconf 89' lang='lat' dir='ltr'>Sed,</span> <span class='ocrx_word' id='word_1_166' title='bbox 1851 2825 2291 2910; x_wconf 90' lang='lat' dir='ltr'>sequentibus</span> <span class='ocrx_word' id='word_1_167' title='bbox 2324 2826 2592 2906; x_wconf 80' lang='lat' dir='ltr'>diebus,</span> <span class='ocrx_word' id='word_1_168' title='bbox 2636 2822 2848 2893; x_wconf 86' lang='lat' dir='ltr'>multi-</span> 
     </span>
     <span class='ocr_line' id='line_1_23' title="bbox 664 2935 2850 3032; baseline -0.005 -20"><span class='ocrx_word' id='word_1_169' title='bbox 664 2946 838 3012; x_wconf 81' lang='lat' dir='ltr'>tudo</span> <span class='ocrx_word' id='word_1_170' title='bbox 863 2947 1090 3032; x_wconf 83' lang='lat' dir='ltr'>major</span> <span class='ocrx_word' id='word_1_171' title='bbox 1127 2944 1551 3012; x_wconf 84' lang='lat' dir='ltr'>rusticorum</span> <span class='ocrx_word' id='word_1_172' title='bbox 1594 2941 1952 3008; x_wconf 83' lang='lat' dir='ltr'>hominum</span> <span class='ocrx_word' id='word_1_173' title='bbox 1990 2941 2059 3008; x_wconf 90' lang='lat' dir='ltr'>in</span> <span class='ocrx_word' id='word_1_174' title='bbox 2099 2943 2354 3009; x_wconf 90' lang='lat' dir='ltr'>Urbem</span> <span class='ocrx_word' id='word_1_175' title='bbox 2413 2943 2768 3019; x_wconf 76' lang='lat' dir='ltr'>confluxit,</span> <span class='ocrx_word' id='word_1_176' title='bbox 2796 2935 2850 3003; x_wconf 87' lang='lat' dir='ltr'>et</span> 
     </span>
     <span class='ocr_line' id='line_1_24' title="bbox 663 3023 2957 3140; baseline -0.002 -15"><span class='ocrx_word' id='word_1_177' title='bbox 663 3061 929 3128; x_wconf 88' lang='lat' dir='ltr'>tribuni</span> <span class='ocrx_word' id='word_1_178' title='bbox 960 3062 1148 3127; x_wconf 88' lang='lat' dir='ltr'>circa</span> <span class='ocrx_word' id='word_1_179' title='bbox 1206 3079 1286 3127; x_wconf 85' lang='lat' dir='ltr'>se</span> <span class='ocrx_word' id='word_1_180' title='bbox 1312 3078 1594 3126; x_wconf 86' lang='lat' dir='ltr'>manum</span> <span class='ocrx_word' id='word_1_181' title='bbox 1628 3058 1976 3125; x_wconf 81' lang='lat' dir='ltr'>habebant</span> <span class='ocrx_word' id='word_1_182' title='bbox 1996 3059 2144 3140; x_wconf 90' lang='lat' dir='ltr'>jam</span> <span class='ocrx_word' id='word_1_183' title='bbox 2174 3076 2316 3124; x_wconf 91' lang='lat' dir='ltr'>non</span> <span class='ocrx_word' id='word_1_184' title='bbox 2337 3059 2707 3125; x_wconf 85' lang='lat' dir='ltr'>certamini</span> <span class='ocrx_word' id='word_1_185' title='bbox 2730 3058 2852 3122; x_wconf 88' lang='lat' dir='ltr'>im·</span> <span class='ocrx_word' id='word_1_186' title='bbox 2951 3023 2957 3050; x_wconf 59' lang='grc'><em>’</em></span> 
     </span>
     <span class='ocr_line' id='line_1_25' title="bbox 664 3172 2851 3260; baseline -0.001 -20"><span class='ocrx_word' id='word_1_187' title='bbox 664 3194 928 3260; x_wconf 89' lang='lat' dir='ltr'>parem.</span> <span class='ocrx_word' id='word_1_188' title='bbox 980 3174 1187 3239; x_wconf 91' lang='lat' dir='ltr'>Prius</span> <span class='ocrx_word' id='word_1_189' title='bbox 1231 3177 1465 3238; x_wconf 89' lang='lat' dir='ltr'>autem</span> <span class='ocrx_word' id='word_1_190' title='bbox 1515 3190 1720 3257; x_wconf 88' lang='lat' dir='ltr'>quam</span> <span class='ocrx_word' id='word_1_191' title='bbox 1775 3191 1851 3238; x_wconf 89' lang='lat' dir='ltr'>se</span> <span class='ocrx_word' id='word_1_192' title='bbox 1906 3173 1991 3237; x_wconf 90' lang='lat' dir='ltr'>ad</span> <span class='ocrx_word' id='word_1_193' title='bbox 2040 3172 2250 3239; x_wconf 88' lang='lat' dir='ltr'>civile</span> <span class='ocrx_word' id='word_1_194' title='bbox 2307 3173 2569 3240; x_wconf 86' lang='lat' dir='ltr'>bellum</span> <span class='ocrx_word' id='word_1_195' title='bbox 2624 3173 2851 3241; x_wconf 88' lang='lat' dir='ltr'>accin-</span> 
     </span>
     <span class='ocr_line' id='line_1_26' title="bbox 666 3287 2850 3374; baseline -0.002 -19"><span class='ocrx_word' id='word_1_196' title='bbox 666 3290 944 3372; x_wconf 82' lang='lat' dir='ltr'>gerent,</span> <span class='ocrx_word' id='word_1_197' title='bbox 1006 3287 1281 3374; x_wconf 78' lang='lat' dir='ltr'>utrique</span> <span class='ocrx_word' id='word_1_198' title='bbox 1338 3287 1414 3352; x_wconf 91' lang='lat' dir='ltr'>in</span> <span class='ocrx_word' id='word_1_199' title='bbox 1476 3291 1723 3353; x_wconf 88' lang='lat' dir='ltr'>senatu</span> <span class='ocrx_word' id='word_1_200' title='bbox 1770 3287 2032 3371; x_wconf 86' lang='lat' dir='ltr'>jurgiis</span> <span class='ocrx_word' id='word_1_201' title='bbox 2086 3289 2630 3370; x_wconf 87' lang='lat' dir='ltr'>contenderunt,</span> <span class='ocrx_word' id='word_1_202' title='bbox 2690 3290 2850 3356; x_wconf 78' lang='lat' dir='ltr'>inter</span> 
     </span>
     <span class='ocr_line' id='line_1_27' title="bbox 663 3401 2845 3494; baseline 0.001 -23"><span class='ocrx_word' id='word_1_203' title='bbox 663 3421 826 3491; x_wconf 83' lang='lat' dir='ltr'>quae</span> <span class='ocrx_word' id='word_1_204' title='bbox 879 3401 1256 3487; x_wconf 79' lang='lat' dir='ltr'>Dionysius</span> <span class='ocrx_word' id='word_1_205' title='bbox 1320 3402 1709 3469; x_wconf 87' lang='lat' dir='ltr'>orationem</span> <span class='ocrx_word' id='word_1_206' title='bbox 1778 3404 2141 3471; x_wconf 89' lang='lat' dir='ltr'>consulum</span> <span class='ocrx_word' id='word_1_207' title='bbox 2217 3404 2464 3470; x_wconf 88' lang='lat' dir='ltr'>inserit</span> <span class='ocrx_word' id='word_1_208' title='bbox 2530 3403 2644 3494; x_wconf 86' lang='lat'>(3).</span> <span class='ocrx_word' id='word_1_209' title='bbox 2706 3401 2845 3474; x_wconf 77' lang='lat' dir='ltr'>Sed,</span> 
     </span>
     <span class='ocr_line' id='line_1_28' title="bbox 666 3493 2957 3630; baseline -0.003 -43"><span class='ocrx_word' id='word_1_210' title='bbox 666 3519 874 3606; x_wconf 88' lang='lat' dir='ltr'>paulo</span> <span class='ocrx_word' id='word_1_211' title='bbox 932 3509 1140 3598; x_wconf 82' lang='lat' dir='ltr'>infra,</span> <span class='ocrx_word' id='word_1_212' title='bbox 1174 3518 1604 3604; x_wconf 90' lang='lat' dir='ltr'>plebeiorum</span> <span class='ocrx_word' id='word_1_213' title='bbox 1657 3518 2021 3604; x_wconf 87' lang='lat' dir='ltr'>opiniones</span> <span class='ocrx_word' id='word_1_214' title='bbox 2063 3519 2342 3602; x_wconf 78' lang='lat' dir='ltr'>suincit</span> <span class='ocrx_word' id='word_1_215' title='bbox 2388 3520 2689 3588; x_wconf 85' lang='lat' dir='ltr'>aliorum</span> <span class='ocrx_word' id='word_1_216' title='bbox 2732 3517 2845 3587; x_wconf 86' lang='lat' dir='ltr'>alia</span> <span class='ocrx_word' id='word_1_217' title='bbox 2951 3493 2957 3630; x_wconf 51' lang='grc'>1</span> 
     </span>
    </p>
   </div>
   <div class='ocr_carea' id='block_1_3' title="bbox 665 3953 2837 4117">
    <p class='ocr_par' dir='ltr' id='par_1_3' title="bbox 665 3953 2837 4117">
     <span class='ocr_line' id='line_1_29' title="bbox 738 3953 2837 4050; baseline 0 -23"><span class='ocrx_word' id='word_1_218' title='bbox 738 3969 1047 4050; x_wconf 23' lang='grc' dir='ltr'>(1)’Βοο1ςοι·,</span> <span class='ocrx_word' id='word_1_219' title='bbox 1092 3973 1361 4029; x_wconf 68' lang='grc' dir='ltr'>Ηαηᾶὄωολ</span> <span class='ocrx_word' id='word_1_220' title='bbox 1403 3976 1490 4029; x_wconf 76' lang='lat' dir='ltr'>der</span> <span class='ocrx_word' id='word_1_221' title='bbox 1529 3975 1804 4027; x_wconf 67' lang='lat' dir='ltr'>ramsolam</span> <span class='ocrx_word' id='word_1_222' title='bbox 1844 3972 2188 4028; x_wconf 60' lang='lat' dir='ltr'>Alter-thamar.</span> <span class='ocrx_word' id='word_1_223' title='bbox 2235 3976 2346 4029; x_wconf 75' lang='lat' dir='ltr'>Zw.</span> <span class='ocrx_word' id='word_1_224' title='bbox 2389 3969 2486 4031; x_wconf 69' lang='lat' dir='ltr'>Th.</span> <span class='ocrx_word' id='word_1_225' title='bbox 2534 3953 2648 4031; x_wconf 54' lang='grc' dir='ltr'>ΖΨ.</span> <span class='ocrx_word' id='word_1_226' title='bbox 2692 3974 2837 4033; x_wconf 67' lang='lat' dir='ltr'>Abth-</span> 
     </span>
     <span class='ocr_line' id='line_1_30' title="bbox 665 4061 853 4117; baseline -0.027 0"><span class='ocrx_word' id='word_1_227' title='bbox 665 4061 723 4117; x_wconf 85' lang='lat' dir='ltr'>S.</span> <span class='ocrx_word' id='word_1_228' title='bbox 754 4067 853 4114; x_wconf 71' lang='lat'>26⁴.</span> 
     </span>
    </p>
   </div>
   <div class='ocr_carea' id='block_1_4' title="bbox 735 4145 1336 4310">
    <p class='ocr_par' dir='ltr' id='par_1_4' title="bbox 735 4145 1336 4310">
     <span class='ocr_line' id='line_1_31' title="bbox 735 4145 1336 4222; baseline -0.002 -17"><span class='ocrx_word' id='word_1_229' title='bbox 735 4145 804 4222; x_wconf 81' lang='lat'>(2)</span> <span class='ocrx_word' id='word_1_230' title='bbox 832 4153 1128 4221; x_wconf 75' lang='lat' dir='ltr'>Dionysiae,</span> <span class='ocrx_word' id='word_1_231' title='bbox 1160 4152 1233 4215; x_wconf 88' lang='lat' dir='ltr'>X,</span> <span class='ocrx_word' id='word_1_232' title='bbox 1265 4158 1336 4204; x_wconf 82' lang='lat'>33.</span> 
     </span>
     <span class='ocr_line' id='line_1_32' title="bbox 736 4237 1182 4310; baseline 0 -16"><span class='ocrx_word' id='word_1_233' title='bbox 736 4237 796 4310; x_wconf 71' lang='lat'>(2)</span> <span class='ocrx_word' id='word_1_234' title='bbox 833 4240 965 4296; x_wconf 71' lang='lat' dir='ltr'>Ibid.</span> <span class='ocrx_word' id='word_1_235' title='bbox 1000 4243 1071 4304; x_wconf 84' lang='lat' dir='ltr'>X,</span> <span class='ocrx_word' id='word_1_236' title='bbox 1110 4247 1182 4294; x_wconf 72' lang='lat'>34.</span> 
     </span>
    </p>
   </div>
   <div class='ocr_carea' id='block_1_5' title="bbox 2953 2283 2960 3652">
    <p class='ocr_par' dir='ltr' id='par_1_5' title="bbox 2953 2283 2960 3652">
     <span class='ocr_line' id='line_1_33' title="bbox 2953 2283 2960 3652; baseline 0 0"><span class='ocrx_word' id='word_1_237' title='bbox 2953 2283 2960 3652; x_wconf 95' lang='lat' dir='ltr'> </span> 
     </span>
    </p>
   </div>
  </div>
 </body>
</html>
