3005 4955
1025 424 1381 490 -37-

77 565 434 651 judicium
467 565 691 650 plebis
721 565 1043 651 experiri.
1078 567 1159 632 In
1183 584 1337 633 eam
1357 566 1827 649 conditionem
1850 586 1965 636 res
1994 569 2296 639 deducta

86 685 222 761 est,
258 684 329 748 et
363 699 503 766 pax
539 681 636 746 ita
666 682 994 749 convenit
1027 681 1209 748 inter
1254 671 1571 749 tribunos
1627 686 1697 749 et
1750 691 2093 764 senatum,
2129 690 2205 752 ut
2233 688 2296 753 ei

87 797 486 880 plebiscitO,
522 814 658 882 quo
701 796 1001 862 Marcius
1048 797 1134 861 ad
1183 796 1454 880 plebem
1507 815 1671 864 reus
1707 798 2064 878 citaretur,
2100 820 2294 868 more

92 916 474 998 majorum,
512 915 750 980 Patres
788 918 1107 982 auctores
1137 916 1407 994 fierent,
1444 919 1515 981 et
1542 916 1964 984 auctoritate
2007 922 2291 987 senatus

82 1029 338 1116 judicii
363 1030 584 1095 forma
609 1027 699 1115 (1)
724 1030 1287 1098 constitueretur.
1314 1032 1671 1107 Quomodo
1694 1024 1995 1099 Marcius
2019 1034 2293 1101 tributis

87 1143 401 1213 comitiis
444 1145 810 1212 damnatus
860 1145 934 1211 in
989 1146 1310 1213 exsilium
1357 1148 1628 1228 abierit,
1682 1149 1855 1214 nihil
1902 1151 2144 1217 attinet
2182 1150 2295 1218 hic

83 1251 389 1326 referre.
491 1259 875 1326 Ostendere
962 1279 1196 1344 operae
1270 1261 1572 1346 pretium
1652 1261 1818 1342 suit,
1883 1266 2296 1347 potestatem

84 1379 614 1442 sacrosanctam
675 1376 1140 1459 jureJurando
1200 1379 1709 1456 confirmatam,
1782 1380 1967 1463 quod
2015 1380 2290 1464 patricii

30 1486 35 1487 ⁷
86 1496 364 1559 stantes
440 1510 648 1576 super
716 1493 858 1560 aris
937 1486 1037 1562 et'
1075 1493 1374 1561 victimis
1441 1496 1827 1578 jurassent,
1892 1497 2043 1579 jam
2120 1495 2322 1563 inde’

91 1611 182 1678 ab
206 1610 508 1693 origine,
550 1611 898 1676 consulari
931 1615 1268 1696 potestate
1297 1611 1518 1677 fuisse
1553 1614 1897 1694 majorem
1929 1610 2039 1697 (2),
2074 1630 2287 1696 quum

81 1726 395 1794 tribunis
426 1727 646 1810 plebis
675 1726 948 1795 licuerit
976 1727 1168 1794 cives
1220 1731 1292 1792 et
1340 1720 1695 1812 patricios
1740 1726 2002 1792 indicta
2047 1744 2288 1808 causa,

85 1845 322 1907 morte
350 1840 677 1924 plectere.

175 1956 420 2041 Neque
448 1956 523 2023 in
552 1958 858 2041 privatos
891 1956 1118 2028 solum
1137 1957 1259 2040 jus
1282 1956 1796 2040 prehensionis,
1824 1960 1943 2024 aut
1955 1958 2076 2041 ¹ius
2104 1975 2291 2024 sum-

88 2086 288 2139 mum
323 2072 488 2139 vitae
517 2073 846 2157 necisque
876 2092 917 2138 a
951 2072 1248 2140 tribunis
1277 2072 1500 2159 plebis
1538 2072 1946 2139 destrictum
1977 2075 2104 2138 est.
2141 2075 2290 2140 Ma·-

86 2189 436 2270 gistratus
488 2188 697 2254 etiam
747 2189 1019 2255 romani
1067 2188 1419 2273 prehensi,
1456 2189 1532 2254 in
1573 2206 1929 2254 carcerem
1990 2187 2292 2271 conjecti

79 2308 251 2389 jure
288 2298 758 2372 sacrosanctae
793 2304 1181 2388 potestatiS,
1215 2301 1511 2387 denique
1540 2322 1583 2368 a
1616 2301 1894 2368 tribuno
1920 2301 2007 2366 ad
2041 2318 2289 2384 rupem

74 2424 452 2509 Tarpeiam
506 2423 716 2504 ducti,
773 2404 1649 2489 nonnisi'intercessionne
1702 2417 1986 2486 alterius
2029 2417 2289 2487 tribuni
2339 2459 2344 2463 -

78 2540 317 2626 plebis
347 2542 639 2605 mortem
668 2540 998 2605 vitavere.

163 2658 354 2733 Jam,
388 2653 705 2730 Quinctio
737 2653 1124 2737 Capitolino
1161 2656 1229 2719 et
1264 2651 1487 2737 Appio
1520 2652 1807 2720 Claudio
1842 2652 2273 2752 consulibuS,

72 2770 407 2836 videmus
469 2769 825 2836 tribunum
881 2768 1101 2852 plebis
1147 2767 1524 2834 Laetorium
1558 2767 1827 2834 consuli
1876 2767 2099 2853 Appio
2156 2785 2283 2854 per

71 2885 427 2950 viatorem
458 2883 599 2949 vim
630 2884 1008 2951 intentasse
1057 2881 1174 2969 (3),
1211 2885 1278 2948 et
1317 2900 1477 2948 eum
1512 2882 1586 2948 in
1613 2882 1895 2949 vincula
1929 2883 2284 2966 conjicere

71 2997 311 3064 fuisse
345 3000 674 3063 conatum
719 2994 834 3084 (4).
877 2996 1074 3072 Quod
1094 2996 1216 3079 ⁸ius
1257 3013 1299 3060 a
1330 2999 1574 3062 senatu
1604 2995 1759 3079 ipso
1800 2991 2116 3078 agnitum
2149 2998 2278 3074 est,

69 3112 337 3195 viginti
367 3113 516 3180 fere
547 3116 753 3180 annis
781 3116 942 3198 post
970 3111 1438 3178 Decemviros.
1478 3113 1655 3180 Nam
1701 3131 1913 3198 quum
1955 3112 2284 3180 consules

80 3232 159 3295 T.
208 3229 578 3305 Quinctius
607 3233 678 3297 et
707 3229 930 3296 Julius
960 3230 1191 3296 Mento
1226 3247 1449 3315 neque
1491 3229 1673 3296 bello
1722 3230 2033 3313 gerendo
2068 3248 2277 3318 pares

76 3348 353 3424 essent,
388 3364 640 3429 neque,
666 3345 956 3429 jubente
994 3348 1265 3426 senatu,
1297 3345 1554 3411 vellent
1584 3345 1990 3413 dictatorem
2016 3346 2274 3428 dicere,

36 3464 448 3564 ¹‘senatores
519 3460 835 3552 tribunos
909 3460 1130 3546 plebis
1200 3450 1662 3546 appellavere,
1734 3463 1812 3528 ut
1869 3460 2274 3529 dictatorem

68 3579 317 3645 dicere
347 3576 672 3660 'consules
699 3594 826 3662 pro
856 3579 1193 3661 potestate
1225 3574 1313 3664 (5)
1353 3580 1711 3658 cogerent.
1747 3576 2030 3642 Tribuni
2058 3576 2278 3659 plebis

126 3923 198 3998 (1)
231 3929 536 3996 Dionysiu‘s,
569 3930 691 3991 VII,
721 3936 792 3990 36,
825 3939 922 3981 etc.

130 4013 199 4088 (2)
234 4020 542 4085 Dionysium
573 4019 694 4079 VII,
726 4025 796 4069 50.

122 4102 198 4172 (3)
210 4102 440 4168 ‘Livium
470 4108 540 4167 ΙΙ,
573 4112 645 4157 56.

118 4190 180 4260 (ε)
211 4196 524 4261 Dionysiae,
556 4194 654 4257 lx,
691 4199 761 4247 48

114 4277 180 4352 (⁸)
204 4283 415 4344 Livius,
445 4281 542 4344 IV,
576 4290 648 4336 26.
