3005 4955
398 4173 434 4196 a,

1507 367 1864 435 ...20—

586 510 689 578 les
716 528 874 577 cum
904 509 1197 578 tribunis
1233 509 1306 578 in
1335 512 1566 591 Monte
1591 512 1802 579 Sacro
1839 510 2009 579 scito
2045 508 2267 596 plebis
2299 512 2572 578 creatos
2600 514 2776 591 6336,

589 624 837 692 deinde
869 644 1027 693 cum
1051 626 1350 694 tribunis
1391 646 1663 712 quoque
1705 627 1876 695 scito
1916 625 2178 712 populi,
2209 625 2281 692 id
2315 628 2422 692 est
2449 625 2611 709 lege
2661 647 2779 694 cu-

588 739 766 808 riata
793 739 904 829 (1),
951 741 1026 808 in
1073 723 1245 809 urbe
1282 742 1499 809 fuisse
1549 742 1829 826 agnitos
1865 746 1933 808 et
1980 742 2426 820 constitutos;
2487 742 2781 828 denique

587 874 801 940 quum
835 857 1078 924 eodem
1113 859 1318 925 modo
1353 859 1575 939 electi,
1628 858 1871 924 eodem
1900 857 2360 942 jurejurando
2393 857 2783 928 confirmati

588 969 908 1053 fuissent,
940 991 1084 1054 603,
1116 977 1199 1040 ut
1215 971 1566 1042 ministros
1595 972 2009 1052 tribunatus,
2040 972 2135 1039 ita
2162 971 2536 1059 participes
2565 972 2781 1040 fuisse

586 1094 1058 1156 sacrosanctae
1102 1089 1477 1175 potestatis,

674 1203 879 1270 Festo
893 1204 1263 1272 assentitur
1292 1204 1552 1272 Gellius
1579 1204 1698 1290 qui
1724 1204 2087 1272 «tribunos
2120 1207 2189 1270 et
2213 1203 2453 1271 aediles
2474 1203 2604 1272 sibi
2630 1204 2779 1291 ple·

594 1346 619 1382 ι
655 1320 817 1388 bem
849 1338 973 1406 per
1000 1321 1406 1388 seditionem
1439 1339 1714 1388 creasse
1734 1346 1764 1381 π
1799 1321 2012 1387 refert
2044 1317 2161 1408 (2),
2181 1338 2309 1387 nec
2352 1338 2495 1388 non
2525 1323 2593 1387 et
2616 1321 2777 1388 Dio-

583 1435 857 1520 nysiuS,
881 1435 1197 1523 quamvis
1224 1435 1338 1503 hic
1366 1438 1523 1522 post
1549 1435 2065 1504 reconciliatam
2091 1434 2315 1522 plebis
2341 1454 2502 1502 cum
2534 1440 2778 1503 senatu

565 1550 915 1633 gratiam,
945 1550 1230 1638 plebeiis
1286 1551 1718 1634 rogantibus,
1770 1555 2050 1618 senatus
2088 1551 2481 1619 consultum
2514 1550 2777 1619 factum

584 1683 737 1734 esse
776 1665 981 1747 dicat,
1024 1669 1100 1733 ut
1153 1665 1286 1733 sibi
1337 1669 1646 1752 possent,
1685 1666 1862 1733 duos
1914 1666 2283 1751 quotannis
2338 1666 2776 1734 tribunorum

581 1780 939 1849 ministros
972 1799 1212 1849 creare
1251 1779 1366 1869 (3).
1401 1781 1499 1848 lbi
1524 1780 1919 1866 Dionysius,
1959 1779 2086 1868 qui·
2119 1780 2327 1867 paulo
2369 1785 2530 1848 ante
2580 1800 2774 1848 men-

581 1895 842 1964 tionem
875 1896 1038 1965 fecit
1066 1899 1499 1965 confirmatae
1527 1916 1652 1983 per
1682 1895 2015 1982 patricios
2051 1896 2443 1963 tribuniciae
2476 1899 2774 1981 potesta·

579 2009 699 2091 tis,
745 2012 936 2078 illam
976 2017 1256 2080 senatus
1309 2012 1791 2079 auctoritatem
1850 2029 2239 2079 memorare
2287 2012 2589 2093 videtur,
2638 2031 2775 2097 qua

580 2145 756 2212 opus
790 2127 920 2195 fuit
952 2132 1027 2195 ut
1062 2129 1279 2195 curiae
1318 2129 1625 2196 aedilium
1656 2147 1929 2215 quoque
1958 2131 2368 2214 potestatem
2429 2128 2773 2214 approba-

576 2245 735 2310 rent
775 2240 865 2330 (4)
902 2243 1139 2330 populi
1171 2245 1344 2312 scito
1392 2244 1507 2332 (5).
1665 2256 1668 2259 ·
2137 2228 2144 2235 ’

668 2360 1005 2426 Auctores
1033 2360 1212 2427 inter
1251 2378 1325 2427 se
1353 2378 1497 2427 non
1542 2359 1961 2447 discrepant,
1997 2361 2119 2428 sed
2167 2379 2255 2427 ex
2300 2359 2501 2446 copia
2536 2342 2770 2426 rerum

576 2472 754 2543 alius
781 2474 965 2556 aliud
1005 2481 1124 2543 aut
1159 2476 1414 2556 omisit,
1446 2481 1590 2555 aut,
1617 2482 1825 2563 prout
1859 2480 2087 2563 majus
2114 2496 2266 2545 esse
2299 2477 2614 2556 ducebat,
2644 2495 2772 2544 no-

575 2590 768 2659 tavit.
809 2591 863 2656 E
897 2591 1072 2658 Livii
1104 2591 1258 2660 loco
1301 2593 1592 2677 quaestio
1628 2593 1848 2662 oritur
1901 2594 1998 2660 de·
2036 2592 2347 2660 aedilium
2392 2592 2612 2678 plebis
2661 2610 2772 2657 sa-

574 2710 944 2772 crosancta·
971 2692 1338 2792 potestate.'
1362 2710 1428 2773 Is
1469 2707 1653 2774 enim
1678 2711 1919 2774 narrat
1955 2707 2276 2775 consules
2313 2707 2671 2774 Valerium
2705 2711 2774 2773 et

571 2819 961 2900 Horatium,
1012 2822 1324 2889 restituto
1378 2826 1536 2909 post
1579 2824 2012 2891 decemviros
2051 2824 2428 2903 tribunatu,
2477 2823 2773 2890 tribunis

569 2954 843 3021 qnoque
899 2940 976 3005 ut
1032 2940 1458 3007 sacrosancti
1484 2931 1921 3020 riderentur,
1964 2942 2166 3026 cujus
2210 2940 2313 3032 rei
2348 2942 2496 3024 jam
2555 2958 2773 3025 prope

569 3043 907 3121 memoria
934 3055 1370 3135 abolevisset,
1407 3055 1642 3123 relatis
1678 3057 2088 3141 quibusdam
2132 3074 2220 3122 ex
2255 3073 2519 3139 magno
2556 3056 2770 3127 inter-

570 3168 755 3234 vallo
789 3170 1252 3248 caeremoniis,
1296 3167 1674 3237 renovasse
1704 3186 1719 3236 :
1760 3175 1828 3237 et
1863 3190 2074 3255 quum
2107 3170 2448 3254 religione
2476 3171 2769 3237 inviola-

570 3285 682 3352 tos
714 3299 857 3359 603,
898 3284 1048 3347 tum
1076 3281 1234 3365 lege
1262 3282 1466 3349 etiam
1513 3284 1759 3351 secisse
1789 3284 2165 3352 sanciendo
2209 3298 2226 3349 ε
2291 3309 2314 3343 ι
2383 3287 2460 3350 ut
2494 3284 2605 3368 qui
2647 3284 2772 3349 tri-

575 3420 608 3456 «
647 3396 854 3463 bunis
901 3397 1150 3483 plebiS‚
1195 3398 1537 3481 aedilibuS,
1572 3399 1921 3485 judicibus
1962 3399 2373 3469 decemviris
2390 3400 2767 3484 nocuisset,

641 3760 716 3833 (1)
745 3768 876 3820 Vide
896 3780 1090 3836 partem
1116 3774 1329 3834 tertiam,
1355 3771 1392 3836 ἓ
1427 3781 1469 3827 1.

642 3848 703 3921 (2)
733 3855 947 3917 Gellius,
981 3859 1156 3919 XVII.
1186 3858 1248 3912 C.
1281 3868 1352 3923 21,
1381 3866 1438 3913 n⁰
1466 3868 1536 3915 11.

641 3935 704 4009 (3)
733 3942 1027 4010 Dionysius,
1056 3945 1153 4004 vl,
1185 3952 1256 3998 ⁹0.

643 4028 702 4101 (Δ)
731 4033 1026 4100 DionysiuS,
1057 4036 1156 4097 IX,
1184 4042 1255 4087 ⁴¹.

637 4123 699 4189 (ὃ)
726 4123 910 4175 Festus
952 4125 1030 4174 ed.
1077 4124 1265 4192 Egger,
1308 4143 1363 4193 p.
1406 4133 1485 4178 139
1529 4148 1543 4179 z
1597 4126 1783 4182 Scitum
1818 4131 1994 4197 populi
2034 4134 2279 4186 dicebatur
2317 4131 2448 4200 quod
2497 4132 2603 4183 sine
2631 4132 2771 4199 pluo

562 4221 763 4267 emotus
779 4213 1024 4279 patricius
1049 4214 1180 4272 ordo.
1209 4227 1409 4282 roqame
1425 4219 1661 4284 patacio,
1690 4219 1795 4275 wis
1818 4223 2078 4290 suffragiis
2096 4224 2273 4290 jussit.

2937 4741 2946 4748 ο
