<?xml version="1.0" encoding="UTF-8"?>
<!DOCTYPE html PUBLIC "-//W3C//DTD XHTML 1.0 Transitional//EN"
    "http://www.w3.org/TR/xhtml1/DTD/xhtml1-transitional.dtd">
<html xmlns="http://www.w3.org/1999/xhtml" xml:lang="en" lang="en">
 <head>
  <title>
</title>
<meta http-equiv="Content-Type" content="text/html;charset=utf-8" />
  <meta name='ocr-system' content='tesseract 3.04.00' />
  <meta name='ocr-capabilities' content='ocr_page ocr_carea ocr_par ocr_line ocrx_word'/>
</head>
<body>
  <div class='ocr_page' id='page_1' title='image "./detribunisplebi00belogoog_0031.png"; bbox 0 0 3005 4955; ppageno 0'>
   <div class='ocr_carea' id='block_1_1' title="bbox 116 360 2518 3607">
    <p class='ocr_par' dir='ltr' id='par_1_1' title="bbox 116 360 2518 3607">
     <span class='ocr_line' id='line_1_1' title="bbox 1148 360 1500 426; baseline 0.009 -17"><span class='ocrx_word' id='word_1_1' title='bbox 1148 387 1234 409; x_wconf 90' lang='lat'>....</span> <span class='ocrx_word' id='word_1_2' title='bbox 1276 360 1359 426; x_wconf 86' lang='lat'>21</span> <span class='ocrx_word' id='word_1_3' title='bbox 1409 392 1500 412; x_wconf 78' lang='lat'><em>...-</em></span> 
     </span>
     <span class='ocr_line' id='line_1_2' title="bbox 222 480 2518 592; baseline 0.007 -30"><span class='ocrx_word' id='word_1_4' title='bbox 222 525 256 562; x_wconf 70' lang='grc' dir='ltr'><strong><em>ι</em></strong></span> <span class='ocrx_word' id='word_1_5' title='bbox 297 501 453 586; x_wconf 85' lang='lat' dir='ltr'>ejus</span> <span class='ocrx_word' id='word_1_6' title='bbox 487 504 695 586; x_wconf 89' lang='lat' dir='ltr'>caput</span> <span class='ocrx_word' id='word_1_7' title='bbox 727 480 882 567; x_wconf 83' lang='lat' dir='ltr'>Jovi</span> <span class='ocrx_word' id='word_1_8' title='bbox 904 519 1181 569; x_wconf 86' lang='lat' dir='ltr'>sacrum</span> <span class='ocrx_word' id='word_1_9' title='bbox 1203 506 1420 570; x_wconf 70' lang='lat' dir='ltr'>esset-t</span> <span class='ocrx_word' id='word_1_10' title='bbox 1443 501 1732 571; x_wconf 84' lang='lat' dir='ltr'><strong>Familia</strong></span> <span class='ocrx_word' id='word_1_11' title='bbox 1748 505 1837 572; x_wconf 92' lang='lat' dir='ltr'>ad</span> <span class='ocrx_word' id='word_1_12' title='bbox 1861 506 2083 572; x_wconf 85' lang='lat' dir='ltr'>aedem</span> <span class='ocrx_word' id='word_1_13' title='bbox 2109 507 2404 592; x_wconf 89' lang='lat' dir='ltr'>Cereris,</span> <span class='ocrx_word' id='word_1_14' title='bbox 2515 510 2518 513; x_wconf 75' lang='grc'><em>’</em></span> 
     </span>
     <span class='ocr_line' id='line_1_3' title="bbox 221 615 2376 705; baseline 0.002 -26"><span class='ocrx_word' id='word_1_15' title='bbox 221 642 253 679; x_wconf 77' lang='grc' dir='ltr'>ι</span> <span class='ocrx_word' id='word_1_16' title='bbox 305 617 968 702; x_wconf 84' lang='lat' dir='ltr'>Liberi-Liberaeque</span> <span class='ocrx_word' id='word_1_17' title='bbox 1004 636 1260 684; x_wconf 88' lang='lat' dir='ltr'>venum</span> <span class='ocrx_word' id='word_1_18' title='bbox 1289 618 1421 684; x_wconf 87' lang='lat' dir='ltr'>iret</span> <span class='ocrx_word' id='word_1_19' title='bbox 1449 615 1565 705; x_wconf 89' lang='lat'><strong>(1).</strong></span> <span class='ocrx_word' id='word_1_20' title='bbox 1625 644 1656 679; x_wconf 79' lang='lat'><strong>»</strong></span> <span class='ocrx_word' id='word_1_21' title='bbox 2373 676 2376 683; x_wconf 91' lang='lat'>.</span> 
     </span>
     <span class='ocr_line' id='line_1_4' title="bbox 307 732 2418 821; baseline 0.003 -20"><span class='ocrx_word' id='word_1_22' title='bbox 307 735 477 801; x_wconf 86' lang='lat' dir='ltr'>Haec</span> <span class='ocrx_word' id='word_1_23' title='bbox 515 733 626 799; x_wconf 84' lang='lat' dir='ltr'>lex</span> <span class='ocrx_word' id='word_1_24' title='bbox 657 732 829 799; x_wconf 90' lang='lat' dir='ltr'>nihil</span> <span class='ocrx_word' id='word_1_25' title='bbox 859 733 1046 800; x_wconf 78' lang='lat' dir='ltr'>aliud</span> <span class='ocrx_word' id='word_1_26' title='bbox 1095 737 1198 800; x_wconf 95' lang='lat' dir='ltr'>est</span> <span class='ocrx_word' id='word_1_27' title='bbox 1238 753 1445 819; x_wconf 81' lang='lat' dir='ltr'>quam</span> <span class='ocrx_word' id='word_1_28' title='bbox 1473 734 1659 802; x_wconf 88' lang='lat' dir='ltr'>illius</span> <span class='ocrx_word' id='word_1_29' title='bbox 1689 736 1935 821; x_wconf 83' lang='lat' dir='ltr'>primae</span> <span class='ocrx_word' id='word_1_30' title='bbox 1975 741 2265 805; x_wconf 85' lang='lat' dir='ltr'>sacratae</span> <span class='ocrx_word' id='word_1_31' title='bbox 2318 741 2418 807; x_wconf 90' lang='lat' dir='ltr'>le-</span> 
     </span>
     <span class='ocr_line' id='line_1_5' title="bbox 216 841 2419 937; baseline 0.001 -20"><span class='ocrx_word' id='word_1_32' title='bbox 216 850 331 934; x_wconf 82' lang='lat' dir='ltr'>gis</span> <span class='ocrx_word' id='word_1_33' title='bbox 380 848 586 934; x_wconf 90' lang='lat' dir='ltr'>paulo</span> <span class='ocrx_word' id='word_1_34' title='bbox 640 866 851 934; x_wconf 89' lang='lat' dir='ltr'>supra</span> <span class='ocrx_word' id='word_1_35' title='bbox 886 845 1425 937; x_wconf 77' lang='lat' dir='ltr'>-memoratae(2)</span> <span class='ocrx_word' id='word_1_36' title='bbox 1474 851 1858 933; x_wconf 76' lang='lat' dir='ltr'>renovatio,</span> <span class='ocrx_word' id='word_1_37' title='bbox 1903 853 2082 932; x_wconf 86' lang='lat' dir='ltr'>Jovi‚</span> <span class='ocrx_word' id='word_1_38' title='bbox 2131 872 2273 920; x_wconf 93' lang='lat' dir='ltr'>non</span> <span class='ocrx_word' id='word_1_39' title='bbox 2320 841 2419 921; x_wconf 85' lang='lat' dir='ltr'>illi</span> 
     </span>
     <span class='ocr_line' id='line_1_6' title="bbox 214 963 2413 1054; baseline 0.003 -25"><span class='ocrx_word' id='word_1_40' title='bbox 214 963 494 1050; x_wconf 89' lang='lat' dir='ltr'>quidem</span> <span class='ocrx_word' id='word_1_41' title='bbox 527 963 811 1042; x_wconf 83' lang='lat' dir='ltr'>caelesti,</span> <span class='ocrx_word' id='word_1_42' title='bbox 856 963 977 1030; x_wconf 91' lang='lat' dir='ltr'>sed</span> <span class='ocrx_word' id='word_1_43' title='bbox 999 963 1267 1048; x_wconf 83' lang='lat' dir='ltr'>Stygio,</span> <span class='ocrx_word' id='word_1_44' title='bbox 1307 963 1377 1030; x_wconf 92' lang='lat' dir='ltr'>id</span> <span class='ocrx_word' id='word_1_45' title='bbox 1398 969 1511 1032; x_wconf 89' lang='lat' dir='ltr'>est</span> <span class='ocrx_word' id='word_1_46' title='bbox 1544 965 1698 1045; x_wconf 89' lang='lat' dir='ltr'>Diti,</span> <span class='ocrx_word' id='word_1_47' title='bbox 1731 971 2179 1035; x_wconf 91' lang='lat' dir='ltr'>consecratur</span> <span class='ocrx_word' id='word_1_48' title='bbox 2208 973 2413 1054; x_wconf 89' lang='lat' dir='ltr'>caput</span> 
     </span>
     <span class='ocr_line' id='line_1_7' title="bbox 135 1064 2417 1173; baseline 0.003 -27"><span class='ocrx_word' id='word_1_49' title='bbox 135 1064 139 1068; x_wconf 40' lang='lat'><em>&#39;</em></span> <span class='ocrx_word' id='word_1_50' title='bbox 196 1081 372 1164; x_wconf 70' lang='lat' dir='ltr'>ejus</span> <span class='ocrx_word' id='word_1_51' title='bbox 424 1079 1032 1173; x_wconf 83' lang='lat' dir='ltr'>sacrosanctaequi</span> <span class='ocrx_word' id='word_1_52' title='bbox 1094 1082 1410 1166; x_wconf 76' lang='lat' dir='ltr'>potestati</span> <span class='ocrx_word' id='word_1_53' title='bbox 1449 1083 1708 1151; x_wconf 86' lang='lat' dir='ltr'>nocuit.</span> <span class='ocrx_word' id='word_1_54' title='bbox 1759 1085 1914 1150; x_wconf 93' lang='lat' dir='ltr'>Per.</span> <span class='ocrx_word' id='word_1_55' title='bbox 1938 1086 2417 1171; x_wconf 82' lang='lat' dir='ltr'>transpositio·-</span> 
     </span>
     <span class='ocr_line' id='line_1_8' title="bbox 213 1195 2415 1284; baseline 0.004 -22"><span class='ocrx_word' id='word_1_56' title='bbox 213 1215 379 1264; x_wconf 90' lang='lat' dir='ltr'>nem</span> <span class='ocrx_word' id='word_1_57' title='bbox 424 1197 798 1263; x_wconf 89' lang='lat' dir='ltr'>verborum</span> <span class='ocrx_word' id='word_1_58' title='bbox 836 1195 1053 1262; x_wconf 89' lang='lat' dir='ltr'>multo</span> <span class='ocrx_word' id='word_1_59' title='bbox 1093 1199 1252 1262; x_wconf 89' lang='lat' dir='ltr'>ante</span> <span class='ocrx_word' id='word_1_60' title='bbox 1292 1195 1467 1262; x_wconf 87' lang='lat' dir='ltr'>Livii</span> <span class='ocrx_word' id='word_1_61' title='bbox 1502 1200 1814 1283; x_wconf 89' lang='lat' dir='ltr'>tempora</span> <span class='ocrx_word' id='word_1_62' title='bbox 1848 1199 2138 1284; x_wconf 66' lang='lat' dir='ltr'>factam„</span> <span class='ocrx_word' id='word_1_63' title='bbox 2159 1202 2233 1268; x_wconf 92' lang='lat' dir='ltr'>in</span> <span class='ocrx_word' id='word_1_64' title='bbox 2272 1221 2415 1270; x_wconf 83' lang='lat' dir='ltr'>coe-</span> 
     </span>
     <span class='ocr_line' id='line_1_9' title="bbox 210 1309 2482 1398; baseline 0.003 -20"><span class='ocrx_word' id='word_1_65' title='bbox 210 1309 594 1398; x_wconf 80' lang='lat' dir='ltr'>landa‘ipsa</span> <span class='ocrx_word' id='word_1_66' title='bbox 618 1312 802 1394; x_wconf 85' lang='lat' dir='ltr'>lege,</span> <span class='ocrx_word' id='word_1_67' title='bbox 839 1311 1176 1379; x_wconf 84' lang='lat' dir='ltr'>accidisse</span> <span class='ocrx_word' id='word_1_68' title='bbox 1206 1313 1508 1380; x_wconf 81' lang='lat' dir='ltr'>arbitror</span> <span class='ocrx_word' id='word_1_69' title='bbox 1539 1317 1613 1380; x_wconf 91' lang='lat' dir='ltr'>ut</span> <span class='ocrx_word' id='word_1_70' title='bbox 1636 1313 2067 1383; x_wconf 66' lang='lat' dir='ltr'>Decemviri-s·</span> <span class='ocrx_word' id='word_1_71' title='bbox 2097 1337 2139 1384; x_wconf 90' lang='lat' dir='ltr'>a</span> <span class='ocrx_word' id='word_1_72' title='bbox 2181 1314 2416 1386; x_wconf 76' lang='lat' dir='ltr'>tribu·</span> <span class='ocrx_word' id='word_1_73' title='bbox 2469 1336 2482 1345; x_wconf 86' lang='lat'>·</span> 
     </span>
     <span class='ocr_line' id='line_1_10' title="bbox 210 1422 2416 1522; baseline 0.004 -28"><span class='ocrx_word' id='word_1_74' title='bbox 210 1424 331 1494; x_wconf 81' lang='lat' dir='ltr'>nis</span> <span class='ocrx_word' id='word_1_75' title='bbox 373 1422 605 1517; x_wconf 78' lang='lat' dir='ltr'>plebis</span> <span class='ocrx_word' id='word_1_76' title='bbox 659 1428 1119 1513; x_wconf 80' lang='lat' dir='ltr'>separaretur.</span> <span class='ocrx_word' id='word_1_77' title='bbox 1175 1429 1351 1519; x_wconf 78' lang='lat' dir='ltr'>Nam</span> <span class='ocrx_word' id='word_1_78' title='bbox 1401 1447 1615 1514; x_wconf 89' lang='lat' dir='ltr'>quum</span> <span class='ocrx_word' id='word_1_79' title='bbox 1670 1431 1926 1522; x_wconf 81' lang='lat' dir='ltr'>nullius</span> <span class='ocrx_word' id='word_1_80' title='bbox 1991 1424 2416 1522; x_wconf 83' lang='lat' dir='ltr'>sacrosancti</span> 
     </span>
     <span class='ocr_line' id='line_1_11' title="bbox 211 1542 2416 1634; baseline 0.003 -24"><span class='ocrx_word' id='word_1_81' title='bbox 211 1543 668 1626; x_wconf 85' lang='lat' dir='ltr'>magistratus</span> <span class='ocrx_word' id='word_1_82' title='bbox 707 1542 857 1613; x_wconf 67' lang='lat' dir='ltr'>nisiv</span> <span class='ocrx_word' id='word_1_83' title='bbox 880 1544 1316 1611; x_wconf 90' lang='lat' dir='ltr'>tribunorum</span> <span class='ocrx_word' id='word_1_84' title='bbox 1367 1548 1436 1611; x_wconf 92' lang='lat' dir='ltr'>et</span> <span class='ocrx_word' id='word_1_85' title='bbox 1493 1545 1802 1613; x_wconf 85' lang='lat' dir='ltr'>aedilium</span> <span class='ocrx_word' id='word_1_86' title='bbox 1850 1547 2068 1632; x_wconf 91' lang='lat' dir='ltr'>plebis</span> <span class='ocrx_word' id='word_1_87' title='bbox 2124 1568 2416 1634; x_wconf 83' lang='lat' dir='ltr'>usquam</span> 
     </span>
     <span class='ocr_line' id='line_1_12' title="bbox 211 1638 2414 1745; baseline 0.003 -19"><span class='ocrx_word' id='word_1_88' title='bbox 211 1658 476 1726; x_wconf 87' lang='lat' dir='ltr'>mentio</span> <span class='ocrx_word' id='word_1_89' title='bbox 510 1659 653 1737; x_wconf 90' lang='lat' dir='ltr'>fiat,</span> <span class='ocrx_word' id='word_1_90' title='bbox 696 1659 1126 1726; x_wconf 87' lang='lat' dir='ltr'>decemviros</span> <span class='ocrx_word' id='word_1_91' title='bbox 1159 1678 1311 1726; x_wconf 90' lang='lat' dir='ltr'>esse</span> <span class='ocrx_word' id='word_1_92' title='bbox 1340 1661 1619 1726; x_wconf 92' lang='lat' dir='ltr'>eosdem</span> <span class='ocrx_word' id='word_1_93' title='bbox 1676 1638 1759 1729; x_wconf 90' lang='lat' dir='ltr'>ac</span> <span class='ocrx_word' id='word_1_94' title='bbox 1806 1662 2043 1729; x_wconf 91' lang='lat' dir='ltr'>decem</span> <span class='ocrx_word' id='word_1_95' title='bbox 2101 1664 2414 1745; x_wconf 78' lang='lat' dir='ltr'>tribunos</span> 
     </span>
     <span class='ocr_line' id='line_1_13' title="bbox 210 1752 2405 1865; baseline 0.003 -24"><span class='ocrx_word' id='word_1_96' title='bbox 210 1775 457 1861; x_wconf 84' lang='lat' dir='ltr'>plebis,</span> <span class='ocrx_word' id='word_1_97' title='bbox 482 1774 722 1842; x_wconf 78' lang='lat' dir='ltr'>aednes</span> <span class='ocrx_word' id='word_1_98' title='bbox 749 1774 837 1841; x_wconf 77' lang='lat' dir='ltr'>ab</span> <span class='ocrx_word' id='word_1_99' title='bbox 856 1775 1208 1858; x_wconf 81' lang='lat' dir='ltr'>judicibus</span> <span class='ocrx_word' id='word_1_100' title='bbox 1232 1794 1375 1843; x_wconf 85' lang='lat' dir='ltr'>non</span> <span class='ocrx_word' id='word_1_101' title='bbox 1394 1776 1673 1842; x_wconf 80' lang='lat' dir='ltr'>differre</span> <span class='ocrx_word' id='word_1_102' title='bbox 1693 1777 1813 1842; x_wconf 80' lang='lat' dir='ltr'>vix</span> <span class='ocrx_word' id='word_1_103' title='bbox 1844 1778 2141 1844; x_wconf 76' lang='lat' dir='ltr'>dubitari</span> <span class='ocrx_word' id='word_1_104' title='bbox 2161 1752 2405 1865; x_wconf 54' lang='lat' dir='ltr'>potest.</span> 
     </span>
     <span class='ocr_line' id='line_1_14' title="bbox 213 1888 2411 1983; baseline 0 -26"><span class='ocrx_word' id='word_1_105' title='bbox 213 1892 587 1969; x_wconf 81' lang='lat' dir='ltr'>Caeterum,</span> <span class='ocrx_word' id='word_1_106' title='bbox 654 1888 984 1974; x_wconf 83' lang='lat' dir='ltr'>Dionysio</span> <span class='ocrx_word' id='word_1_107' title='bbox 1047 1893 1242 1970; x_wconf 91' lang='lat' dir='ltr'>teste,</span> <span class='ocrx_word' id='word_1_108' title='bbox 1310 1890 1551 1957; x_wconf 83' lang='lat' dir='ltr'>aediles</span> <span class='ocrx_word' id='word_1_109' title='bbox 1615 1890 1778 1957; x_wconf 90' lang='lat' dir='ltr'>olim</span> <span class='ocrx_word' id='word_1_110' title='bbox 1819 1891 2124 1983; x_wconf 26' lang='lat' dir='ltr'>„judices</span> <span class='ocrx_word' id='word_1_111' title='bbox 2184 1894 2411 1960; x_wconf 86' lang='lat' dir='ltr'>vocati</span> 
     </span>
     <span class='ocr_line' id='line_1_15' title="bbox 212 1997 2174 2101; baseline 0.001 -28"><span class='ocrx_word' id='word_1_112' title='bbox 212 2010 377 2073; x_wconf 89' lang='lat' dir='ltr'>sunt</span> <span class='ocrx_word' id='word_1_113' title='bbox 403 2004 523 2091; x_wconf 83' lang='lat'>(3).</span> <span class='ocrx_word' id='word_1_114' title='bbox 912 2069 917 2072; x_wconf 77' lang='grc'>,</span> <span class='ocrx_word' id='word_1_115' title='bbox 1250 2100 1253 2101; x_wconf 11' lang='lat'><em>7</em></span> <span class='ocrx_word' id='word_1_116' title='bbox 1406 1997 1411 2001; x_wconf 70' lang='grc'><strong>’</strong></span> <span class='ocrx_word' id='word_1_117' title='bbox 2171 2000 2174 2002; x_wconf 64' lang='grc'><strong>’</strong></span> 
     </span>
     <span class='ocr_line' id='line_1_16' title="bbox 305 2119 2413 2208; baseline 0.002 -21"><span class='ocrx_word' id='word_1_118' title='bbox 305 2123 502 2197; x_wconf 88' lang='lat' dir='ltr'>Quod</span> <span class='ocrx_word' id='word_1_119' title='bbox 536 2122 625 2188; x_wconf 89' lang='lat' dir='ltr'>ad</span> <span class='ocrx_word' id='word_1_120' title='bbox 677 2124 1192 2188; x_wconf 86' lang='lat' dir='ltr'>sacrosanctam</span> <span class='ocrx_word' id='word_1_121' title='bbox 1238 2119 1677 2188; x_wconf 89' lang='lat' dir='ltr'>tribunorum</span> <span class='ocrx_word' id='word_1_122' title='bbox 1707 2122 1930 2208; x_wconf 93' lang='lat' dir='ltr'>plebis</span> <span class='ocrx_word' id='word_1_123' title='bbox 1990 2141 2079 2208; x_wconf 94' lang='lat' dir='ltr'>po</span> <span class='ocrx_word' id='word_1_124' title='bbox 2097 2121 2413 2191; x_wconf 84' lang='lat' dir='ltr'>testatem</span> 
     </span>
     <span class='ocr_line' id='line_1_17' title="bbox 209 2226 2404 2329; baseline 0.001 -26"><span class='ocrx_word' id='word_1_125' title='bbox 209 2236 496 2329; x_wconf 74' lang='lat' dir='ltr'>attinet,</span> <span class='ocrx_word' id='word_1_126' title='bbox 575 2226 810 2329; x_wconf 87' lang='lat' dir='ltr'>monet</span> <span class='ocrx_word' id='word_1_127' title='bbox 888 2234 1122 2302; x_wconf 89' lang='lat' dir='ltr'>Livius</span> <span class='ocrx_word' id='word_1_128' title='bbox 1189 2236 1374 2318; x_wconf 84' lang='lat' dir='ltr'>juris</span> <span class='ocrx_word' id='word_1_129' title='bbox 1447 2236 1858 2322; x_wconf 87' lang='lat' dir='ltr'>interpretes</span> <span class='ocrx_word' id='word_1_130' title='bbox 1924 2257 2187 2320; x_wconf 84' lang='lat' dir='ltr'>negare</span> <span class='ocrx_word' id='word_1_131' title='bbox 2271 2241 2404 2306; x_wconf 89' lang='lat' dir='ltr'>hac</span> 
     </span>
     <span class='ocr_line' id='line_1_18' title="bbox 206 2351 2405 2438; baseline 0.002 -20"><span class='ocrx_word' id='word_1_132' title='bbox 206 2351 374 2435; x_wconf 87' lang='lat' dir='ltr'>lege</span> <span class='ocrx_word' id='word_1_133' title='bbox 419 2370 832 2438; x_wconf 85' lang='lat' dir='ltr'>quemquam</span> <span class='ocrx_word' id='word_1_134' title='bbox 907 2369 1058 2418; x_wconf 93' lang='lat' dir='ltr'>esse</span> <span class='ocrx_word' id='word_1_135' title='bbox 1111 2354 1630 2418; x_wconf 90' lang='lat' dir='ltr'>sacrosanctum</span> <span class='ocrx_word' id='word_1_136' title='bbox 1686 2366 1702 2417; x_wconf 76' lang='lat' dir='ltr'><em>z</em></span> <span class='ocrx_word' id='word_1_137' title='bbox 1759 2352 2101 2432; x_wconf 82' lang='lat' dir='ltr'>tribunos,</span> <span class='ocrx_word' id='word_1_138' title='bbox 2172 2357 2405 2422; x_wconf 89' lang='lat' dir='ltr'>vetere</span> 
     </span>
     <span class='ocr_line' id='line_1_19' title="bbox 198 2467 2405 2556; baseline 0.001 -20.978"><span class='ocrx_word' id='word_1_139' title='bbox 198 2468 663 2554; x_wconf 87' lang='lat' dir='ltr'>jurejurando</span> <span class='ocrx_word' id='word_1_140' title='bbox 682 2467 957 2555; x_wconf 47' lang='lat' dir='ltr'>„plebis</span> <span class='ocrx_word' id='word_1_141' title='bbox 996 2487 1210 2552; x_wconf 90' lang='lat' dir='ltr'>quum</span> <span class='ocrx_word' id='word_1_142' title='bbox 1244 2467 1545 2554; x_wconf 89' lang='lat' dir='ltr'>primum</span> <span class='ocrx_word' id='word_1_143' title='bbox 1575 2487 1728 2534; x_wconf 88' lang='lat' dir='ltr'>eam</span> <span class='ocrx_word' id='word_1_144' title='bbox 1764 2470 2169 2554; x_wconf 87' lang='lat' dir='ltr'>potestatem</span> <span class='ocrx_word' id='word_1_145' title='bbox 2211 2488 2405 2556; x_wconf 81' lang='lat' dir='ltr'>crea.-</span> 
     </span>
     <span class='ocr_line' id='line_1_20' title="bbox 207 2570 2461 2678; baseline 0.002 -29"><span class='ocrx_word' id='word_1_146' title='bbox 207 2584 335 2664; x_wconf 82' lang='lat' dir='ltr'>vit‚</span> <span class='ocrx_word' id='word_1_147' title='bbox 397 2570 874 2668; x_wconf 86' lang='lat' dir='ltr'>sacrosanctos</span> <span class='ocrx_word' id='word_1_148' title='bbox 920 2603 1096 2650; x_wconf 85' lang='lat' dir='ltr'>esse.</span> <span class='ocrx_word' id='word_1_149' title='bbox 1158 2585 1326 2651; x_wconf 87' lang='lat' dir='ltr'>Haec</span> <span class='ocrx_word' id='word_1_150' title='bbox 1386 2583 1621 2669; x_wconf 91' lang='lat' dir='ltr'>opinio</span> <span class='ocrx_word' id='word_1_151' title='bbox 1677 2584 1914 2678; x_wconf 84' lang='lat' dir='ltr'>legum</span> <span class='ocrx_word' id='word_1_152' title='bbox 1974 2589 2406 2654; x_wconf 88' lang='lat' dir='ltr'>sacratarum</span> <span class='ocrx_word' id='word_1_153' title='bbox 2448 2616 2461 2622; x_wconf 79' lang='grc'><em>·</em></span> 
     </span>
     <span class='ocr_line' id='line_1_21' title="bbox 204 2698 2407 2786; baseline 0 -19"><span class='ocrx_word' id='word_1_154' title='bbox 204 2698 344 2785; x_wconf 81' lang='lat' dir='ltr'>ipsi</span> <span class='ocrx_word' id='word_1_155' title='bbox 369 2702 636 2766; x_wconf 83' lang='lat' dir='ltr'>naturae</span> <span class='ocrx_word' id='word_1_156' title='bbox 685 2703 1149 2766; x_wconf 90' lang='lat' dir='ltr'>consentanea</span> <span class='ocrx_word' id='word_1_157' title='bbox 1184 2698 1333 2765; x_wconf 85' lang='lat' dir='ltr'>suit.</span> <span class='ocrx_word' id='word_1_158' title='bbox 1392 2699 1568 2766; x_wconf 74' lang='lat' dir='ltr'>Nam</span> <span class='ocrx_word' id='word_1_159' title='bbox 1609 2702 1807 2765; x_wconf 89' lang='lat' dir='ltr'>vetus</span> <span class='ocrx_word' id='word_1_160' title='bbox 1849 2698 2019 2765; x_wconf 89' lang='lat' dir='ltr'>illud</span> <span class='ocrx_word' id='word_1_161' title='bbox 2059 2700 2282 2786; x_wconf 89' lang='lat' dir='ltr'>plebis</span> <span class='ocrx_word' id='word_1_162' title='bbox 2332 2701 2407 2768; x_wconf 93' lang='lat' dir='ltr'>in</span> 
     </span>
     <span class='ocr_line' id='line_1_22' title="bbox 204 2814 2489 2907; baseline 0.002 -26"><span class='ocrx_word' id='word_1_163' title='bbox 204 2817 441 2882; x_wconf 92' lang='lat' dir='ltr'>Monte</span> <span class='ocrx_word' id='word_1_164' title='bbox 459 2815 668 2881; x_wconf 88' lang='lat' dir='ltr'>Sacro</span> <span class='ocrx_word' id='word_1_165' title='bbox 682 2816 825 2898; x_wconf 79' lang='lat' dir='ltr'>Jusj</span> <span class='ocrx_word' id='word_1_166' title='bbox 835 2816 1178 2881; x_wconf 87' lang='lat' dir='ltr'>urandnm</span> <span class='ocrx_word' id='word_1_167' title='bbox 1192 2818 1533 2904; x_wconf 79' lang='lat' dir='ltr'>aeternum</span> <span class='ocrx_word' id='word_1_168' title='bbox 1555 2814 1768 2882; x_wconf 89' lang='lat' dir='ltr'>fuisse</span> <span class='ocrx_word' id='word_1_169' title='bbox 1791 2815 2261 2883; x_wconf 86' lang='lat' dir='ltr'>demonstravi</span> <span class='ocrx_word' id='word_1_170' title='bbox 2276 2815 2395 2907; x_wconf 82' lang='lat'><strong>(4).</strong></span> <span class='ocrx_word' id='word_1_171' title='bbox 2483 2821 2489 2826; x_wconf 77' lang='grc'><strong>’</strong></span> 
     </span>
     <span class='ocr_line' id='line_1_23' title="bbox 202 2928 2403 3017; baseline 0 -20"><span class='ocrx_word' id='word_1_172' title='bbox 202 2930 610 2997; x_wconf 89' lang='lat' dir='ltr'>Intermisso</span> <span class='ocrx_word' id='word_1_173' title='bbox 689 2929 895 2997; x_wconf 84' lang='lat' dir='ltr'>etiarn</span> <span class='ocrx_word' id='word_1_174' title='bbox 983 2949 1107 3017; x_wconf 94' lang='lat' dir='ltr'>per</span> <span class='ocrx_word' id='word_1_175' title='bbox 1174 2948 1475 3012; x_wconf 85' lang='lat' dir='ltr'>regnum</span> <span class='ocrx_word' id='word_1_176' title='bbox 1551 2928 2106 2995; x_wconf 87' lang='lat' dir='ltr'>decemvirorum</span> <span class='ocrx_word' id='word_1_177' title='bbox 2185 2931 2403 2998; x_wconf 88' lang='lat' dir='ltr'>tribu-</span> 
     </span>
     <span class='ocr_line' id='line_1_24' title="bbox 193 3044 2405 3134; baseline -0.001 -19"><span class='ocrx_word' id='word_1_178' title='bbox 193 3052 395 3127; x_wconf 82' lang='lat' dir='ltr'>natu,</span> <span class='ocrx_word' id='word_1_179' title='bbox 430 3048 648 3134; x_wconf 92' lang='lat' dir='ltr'>plebs,</span> <span class='ocrx_word' id='word_1_180' title='bbox 682 3049 850 3114; x_wconf 89' lang='lat' dir='ltr'>dum</span> <span class='ocrx_word' id='word_1_181' title='bbox 891 3048 1302 3114; x_wconf 82' lang='lat' dir='ltr'>concederet</span> <span class='ocrx_word' id='word_1_182' title='bbox 1350 3049 1426 3113; x_wconf 88' lang='lat' dir='ltr'>ut</span> <span class='ocrx_word' id='word_1_183' title='bbox 1480 3064 1722 3113; x_wconf 91' lang='lat' dir='ltr'>omnes</span> <span class='ocrx_word' id='word_1_184' title='bbox 1760 3044 2135 3111; x_wconf 86' lang='lat' dir='ltr'>decemviri</span> <span class='ocrx_word' id='word_1_185' title='bbox 2192 3046 2405 3131; x_wconf 85' lang='lat' dir='ltr'>patri·-</span> 
     </span>
     <span class='ocr_line' id='line_1_25' title="bbox 202 3157 2403 3248; baseline -0.002 -19"><span class='ocrx_word' id='word_1_186' title='bbox 202 3161 300 3230; x_wconf 89' lang='lat' dir='ltr'>cii</span> <span class='ocrx_word' id='word_1_187' title='bbox 332 3162 604 3241; x_wconf 88' lang='lat' dir='ltr'>fierent,</span> <span class='ocrx_word' id='word_1_188' title='bbox 656 3161 925 3248; x_wconf 82' lang='lat' dir='ltr'>excepit</span> <span class='ocrx_word' id='word_1_189' title='bbox 961 3162 1168 3232; x_wconf 88' lang='lat' dir='ltr'>modo</span> <span class='ocrx_word' id='word_1_190' title='bbox 1195 3180 1285 3228; x_wconf 91' lang='lat' dir='ltr'>ne</span> <span class='ocrx_word' id='word_1_191' title='bbox 1312 3160 1425 3227; x_wconf 86' lang='lat' dir='ltr'>lex</span> <span class='ocrx_word' id='word_1_192' title='bbox 1469 3158 1660 3227; x_wconf 89' lang='lat' dir='ltr'>Icilia</span> <span class='ocrx_word' id='word_1_193' title='bbox 1696 3161 1782 3227; x_wconf 92' lang='lat' dir='ltr'>de</span> <span class='ocrx_word' id='word_1_194' title='bbox 1827 3157 2169 3226; x_wconf 86' lang='lat' dir='ltr'>Aventino</span> <span class='ocrx_word' id='word_1_195' title='bbox 2213 3158 2403 3245; x_wconf 79' lang='lat' dir='ltr'>aliae-</span> 
     </span>
     <span class='ocr_line' id='line_1_26' title="bbox 202 3274 2405 3364; baseline -0 -20"><span class='ocrx_word' id='word_1_196' title='bbox 202 3296 348 3364; x_wconf 88' lang='lat' dir='ltr'>que</span> <span class='ocrx_word' id='word_1_197' title='bbox 399 3282 692 3345; x_wconf 85' lang='lat' dir='ltr'>sacratae</span> <span class='ocrx_word' id='word_1_198' title='bbox 736 3277 932 3361; x_wconf 82' lang='lat' dir='ltr'>leges</span> <span class='ocrx_word' id='word_1_199' title='bbox 982 3278 1491 3360; x_wconf 85' lang='lat' dir='ltr'>abrogarentur</span> <span class='ocrx_word' id='word_1_200' title='bbox 1538 3275 1657 3363; x_wconf 81' lang='lat'>(5).</span> <span class='ocrx_word' id='word_1_201' title='bbox 1714 3274 1902 3342; x_wconf 89' lang='lat' dir='ltr'>Nihil</span> <span class='ocrx_word' id='word_1_202' title='bbox 1954 3274 2170 3358; x_wconf 83' lang='lat' dir='ltr'>igitur</span> <span class='ocrx_word' id='word_1_203' title='bbox 2227 3292 2405 3362; x_wconf 88' lang='lat' dir='ltr'>opus</span> 
     </span>
     <span class='ocr_line' id='line_1_27' title="bbox 201 3369 2402 3479; baseline -0.001 -19"><span class='ocrx_word' id='word_1_204' title='bbox 201 3392 344 3461; x_wconf 87' lang='lat' dir='ltr'>fuit</span> <span class='ocrx_word' id='word_1_205' title='bbox 374 3392 445 3459; x_wconf 92' lang='lat' dir='ltr'>id</span> <span class='ocrx_word' id='word_1_206' title='bbox 472 3392 822 3474; x_wconf 77' lang='lat' dir='ltr'>renovari,</span> <span class='ocrx_word' id='word_1_207' title='bbox 855 3394 1040 3479; x_wconf 90' lang='lat' dir='ltr'>quod</span> <span class='ocrx_word' id='word_1_208' title='bbox 1061 3369 1237 3476; x_wconf 79' lang='lat' dir='ltr'>jure</span> <span class='ocrx_word' id='word_1_209' title='bbox 1257 3396 1622 3470; x_wconf 81' lang='lat' dir='ltr'>aeternum,</span> <span class='ocrx_word' id='word_1_210' title='bbox 1649 3391 1880 3476; x_wconf 88' lang='lat' dir='ltr'>reipsa</span> <span class='ocrx_word' id='word_1_211' title='bbox 1913 3409 2056 3457; x_wconf 90' lang='lat' dir='ltr'>non</span> <span class='ocrx_word' id='word_1_212' title='bbox 2099 3391 2402 3473; x_wconf 88' lang='lat' dir='ltr'>abroga-</span> 
     </span>
     <span class='ocr_line' id='line_1_28' title="bbox 116 3505 2402 3607; baseline -0.001 -31"><span class='ocrx_word' id='word_1_213' title='bbox 116 3507 127 3520; x_wconf 78' lang='lat'><strong><em>‘</em></strong></span> <span class='ocrx_word' id='word_1_214' title='bbox 201 3514 360 3576; x_wconf 90' lang='lat' dir='ltr'>tum</span> <span class='ocrx_word' id='word_1_215' title='bbox 407 3508 603 3574; x_wconf 85' lang='lat' dir='ltr'>foret.</span> <span class='ocrx_word' id='word_1_216' title='bbox 650 3509 810 3576; x_wconf 93' lang='lat' dir='ltr'>Ideo</span> <span class='ocrx_word' id='word_1_217' title='bbox 832 3535 841 3544; x_wconf 63' lang='lat'><em>„</em></span> <span class='ocrx_word' id='word_1_218' title='bbox 858 3507 1340 3594; x_wconf 72' lang='lat' dir='ltr'>‚iurisconsulti</span> <span class='ocrx_word' id='word_1_219' title='bbox 1378 3509 1573 3584; x_wconf 6' lang='lat' dir='ltr'>*recte</span> <span class='ocrx_word' id='word_1_220' title='bbox 1616 3508 2033 3607; x_wconf 85' lang='lat' dir='ltr'>censuerunt</span> <span class='ocrx_word' id='word_1_221' title='bbox 2084 3505 2402 3574; x_wconf 87' lang='lat' dir='ltr'>tribunos</span> 
     </span>
    </p>
   </div>
   <div class='ocr_carea' id='block_1_2' title="bbox 272 3864 1053 4301">
    <p class='ocr_par' dir='ltr' id='par_1_2' title="bbox 276 3864 807 3938">
     <span class='ocr_line' id='line_1_29' title="bbox 276 3864 807 3938; baseline -0.004 -15"><span class='ocrx_word' id='word_1_222' title='bbox 276 3864 353 3938; x_wconf 84' lang='lat'>(1)</span> <span class='ocrx_word' id='word_1_223' title='bbox 379 3871 578 3932; x_wconf 82' lang='lat' dir='ltr'>Livius,</span> <span class='ocrx_word' id='word_1_224' title='bbox 607 3871 702 3930; x_wconf 88' lang='grc' dir='ltr'><strong>ΙΙΙ,</strong></span> <span class='ocrx_word' id='word_1_225' title='bbox 735 3876 807 3931; x_wconf 81' lang='lat'>55,</span> 
     </span>
    </p>

    <p class='ocr_par' dir='ltr' id='par_1_3' title="bbox 272 3954 836 4027">
     <span class='ocr_line' id='line_1_30' title="bbox 272 3954 836 4027; baseline 0 -18"><span class='ocrx_word' id='word_1_226' title='bbox 272 3954 340 4024; x_wconf 88' lang='lat'>(2)</span> <span class='ocrx_word' id='word_1_227' title='bbox 369 3959 502 4009; x_wconf 86' lang='lat' dir='ltr'>Vide</span> <span class='ocrx_word' id='word_1_228' title='bbox 527 3975 698 4027; x_wconf 77' lang='lat' dir='ltr'>supra,</span> <span class='ocrx_word' id='word_1_229' title='bbox 726 3955 762 4022; x_wconf 65' lang='lat' dir='ltr'>g</span> <span class='ocrx_word' id='word_1_230' title='bbox 793 3964 836 4017; x_wconf 83' lang='lat'>1.</span> 
     </span>
    </p>

    <p class='ocr_par' dir='ltr' id='par_1_4' title="bbox 273 4045 904 4118">
     <span class='ocr_line' id='line_1_31' title="bbox 273 4045 904 4118; baseline -0.003 -15"><span class='ocrx_word' id='word_1_231' title='bbox 273 4045 353 4117; x_wconf 82' lang='grc'>(3)</span> <span class='ocrx_word' id='word_1_232' title='bbox 381 4052 675 4118; x_wconf 51' lang='lat' dir='ltr'>Dionysium</span> <span class='ocrx_word' id='word_1_233' title='bbox 708 4052 804 4111; x_wconf 84' lang='lat' dir='ltr'>VI.</span> <span class='ocrx_word' id='word_1_234' title='bbox 833 4056 904 4103; x_wconf 81' lang='lat'>90.</span> 
     </span>
    </p>

    <p class='ocr_par' dir='ltr' id='par_1_5' title="bbox 279 4138 1053 4301">
     <span class='ocr_line' id='line_1_32' title="bbox 279 4138 1053 4211; baseline 0.001 -18"><span class='ocrx_word' id='word_1_235' title='bbox 279 4138 357 4208; x_wconf 73' lang='lat'>(4)</span> <span class='ocrx_word' id='word_1_236' title='bbox 386 4139 423 4206; x_wconf 69' lang='grc' dir='ltr'>ἓ</span> <span class='ocrx_word' id='word_1_237' title='bbox 449 4143 492 4193; x_wconf 90' lang='grc' dir='ltr'>Ι.</span> <span class='ocrx_word' id='word_1_238' title='bbox 526 4143 637 4194; x_wconf 83' lang='lat' dir='ltr'>Lex·</span> <span class='ocrx_word' id='word_1_239' title='bbox 657 4150 852 4194; x_wconf 76' lang='lat' dir='ltr'>sacrata</span> <span class='ocrx_word' id='word_1_240' title='bbox 876 4145 1053 4211; x_wconf 70' lang='lat' dir='ltr'>primu.</span> 
     </span>
     <span class='ocr_line' id='line_1_33' title="bbox 279 4226 872 4301; baseline -0.003 -16"><span class='ocrx_word' id='word_1_241' title='bbox 279 4226 359 4301; x_wconf 79' lang='lat'>(5)</span> <span class='ocrx_word' id='word_1_242' title='bbox 388 4232 583 4292; x_wconf 79' lang='lat' dir='ltr'>Livius,</span> <span class='ocrx_word' id='word_1_243' title='bbox 611 4232 706 4294; x_wconf 88' lang='lat'>111,</span> <span class='ocrx_word' id='word_1_244' title='bbox 735 4238 805 4295; x_wconf 76' lang='lat'>32,</span> <span class='ocrx_word' id='word_1_245' title='bbox 834 4232 872 4293; x_wconf 80' lang='lat' dir='ltr'>f,</span> 
     </span>
    </p>
   </div>
  </div>
 </body>
</html>
