3005 4955
1366 281 1401 312 ῃ

224 463 460 540 vocat,
495 442 899 542 germanice
937 456 1344 528 Gemeinde.
1402 462 1572 528 Haec
1619 463 1987 546 conjurata
2029 462 2228 548 plebs
2294 464 2425 533 sibi

224 575 542 662 praefecit
573 575 752 650 duos,
778 576 1094 645 tribunos
1119 577 1237 662 qui
1282 577 1358 643 in
1402 579 1655 645 Monte
1670 579 1880 645 Sacro
1931 581 2426 662 magistratum

226 710 567 777 occepere
586 691 815 777 primo
844 670 1207 776 plebiscito
1243 693 1479 761 datum
1514 692 1637 779 (1),
1664 698 1825 761 ante
1872 699 2195 782 quartum
2247 697 2429 764 diem

224 806 387 875 idus
441 809 856 874 Decembres
906 806 1023 895 (2),
1077 808 1193 893 qui
1258 808 1406 876 dies
1461 811 1753 895 posthac
1804 811 2115 877 solennis
2174 812 2432 877 mansit

221 925 533 992 ineundo
565 925 942 992 tribunatu,
968 927 1137 994 Haec
1160 945 1343 993 nova
1368 921 1678 1012 potestas
1706 932 1782 995 ut
1807 929 2030 1007 fieret,
2052 930 2165 996 vel
2190 930 2423 1015 potius

225 1045 307 1107 ut
333 1043 838 1122 agnosceretur
868 1042 1214 1141 concessit
1243 1046 1555 1122 senatuS,
1605 1043 1742 1110 icto
1773 1062 1931 1110 cum
1961 1043 2250 1129 plebeiis
2283 1044 2427 1111 soe-

226 1157 425 1238 dere,
459 1157 644 1241 quod
682 1156 867 1223 velut
903 1156 1086 1223 inter
1116 1158 1290 1224 duos
1337 1157 1847 1245 disjunctos·(3)
1894 1160 2189 1246 populos
2230 1159 2426 1227 setia-

222 1272 398 1339 lium
443 1270 864 1338 caerimoniis
895 1274 1000 1338 est
1036 1273 1399 1365 sancitum.
1459 1275 1695 1358 Neque
1744 1274 1816 1339 id
1869 1274 2053 1347 illius
2089 1274 2423 1359 temporis

224 1386 361 1454 fuit
437 1386 744 1453 alienum
825 1384 1160 1465 moribUS,
1252 1406 1465 1472 quum
1530 1407 1728 1455 suam
1796 1407 2089 1473 quaeque
2152 1388 2419 1455 rustica

223 1501 453 1570 tribus
513 1501 1010 1591 rempublicam
1075 1503 1389 1571 haberet.
1454 1504 1811 1572 Memoriae
1876 1503 2226 1589 proditum
2282 1506 2414 1581 est,

226 1617 417 1692 circa
465 1616 711 1683 urbem
759 1619 1157 1699 Tusculum,
1202 1619 1550 1704 Papiriam
1605 1620 1865 1687 tribum
1917 1638 2076 1686 cum
2122 1618 2420 1704 Pupinia
2491 1648 2507 1665 ·

227 1734 317 1799 de
345 1733 602 1800 finibus
630 1750 964 1816 agrorum
994 1734 1174 1800 bella
1205 1736 1514 1817 gessisse
1543 1753 1667 1819 per
1714 1735 1983 1801 fetiales
2012 1735 2268 1800 indicta
2307 1732 2424 1819 (4).'

92 1908 115 1914 -
224 1848 415 1914 Nihil
439 1848 655 1931 Igitur
688 1849 969 1930 mirum,
1005 1850 1190 1936 quod
1233 1867 1476 1915 omnes
1524 1849 1807 1915 rusticae
1853 1849 2103 1929 tribus,
2154 1848 2422 1915 foedere

225 1963 412 2030 inter
460 1982 535 2031 se
579 1968 820 2031 contra
848 1984 1212 2031 romanam
1253 1966 1500 2032 urbem
1545 1966 1811 2055 juram,
1852 1962 2202 2029 voluerint
2252 1981 2415 2029 cum

226 2097 315 2146 ea
341 2079 536 2163 pacis
560 2079 755 2162 leges
784 2083 945 2165 jure
971 2081 1285 2163 gentium
1314 2097 1758 2165 componere.

240 2250 249 2257 .
320 2198 474 2264 Non
507 2199 747 2265 eodem
777 2198 1094 2284 protinus
1123 2215 1306 2264 anno
1345 2197 1732 2266 communis
1761 2199 2045 2264 Patrum
2083 2200 2152 2263 et
2195 2196 2415 2281 plebis

225 2305 621 2399 respublica
650 2314 1124 2397 redintegrata
1155 2317 1285 2380 est.
1323 2311 1665 2380 Consules
1695 2311 1867 2386 novi⁴
1899 2330 2022 2397 per
2076 2311 2417 2378 secessio-

225 2411 394 2494 nem
439 2428 820 2514 Septembri
864 2446 1105 2496 mense
1154 2428 1592 2496 consulatum
1653 2427 1975 2494 inierant,
2034 2425 2415 2512 Postquam

223 2544 427 2631 plebs
474 2547 742 2612 urbana
782 2543 855 2612 in
884 2546 1141 2612 Urbem
1201 2523 1496 2612 reversa
1540 2548 1673 2625 est,
1726 2544 1970 2611 rustici
2032 2563 2121 2611 ex
2186 2546 2413 2611 Monte

223 2661 440 2727 Sacro
468 2660 540 2726 in
567 2661 1014 2740 Aventinum,
1051 2660 1167 2743 qui
1198 2677 1398 2725 mons
1436 2658 1765 2724 fuitextra
1785 2658 2066 2737 Urbem,
2098 2657 2417 2725 tribunos

226 2776 452 2862 plebis
482 2779 552 2843 et
581 2778 836 2842 Forum
865 2794 1068 2843 suum
1099 2775 1606 2841 transtulerunt
1638 2772 1749 2858 (5).
1789 2775 2079 2840 Postero
2135 2774 2418 2839 demum

222 2911 414 2958 anno
454 2890 572 2977 (6),
603 2891 674 2956 id
705 2893 812 2958 est
841 2894 998 2975 post
1025 2890 1376 2956 Kalendas
1405 2881 1720 2965 Martias,
1754 2889 2147 2955 tribuniciae
2178 2894 2413 2972 potes·-

223 3010 352 3078 tati
381 3008 862 3075 auctoritatem
899 3007 1224 3073 addidere
1255 2997 1520 3072 curiata
1549 3003 1850 3092 comitia.
1910 3004 2081 3069 Tum
2113 3003 2418 3088 primum

221 3125 480 3193 armati
506 3124 579 3189 in
616 3123 872 3190 Urbem
911 3122 1421 3189 descenderunt
1481 3119 1760 3205 plebeii,
1810 3123 1880 3187 et
1917 3124 2175 3188 Foru-m
2232 3119 2408 3186 anti-

221 3258 444 3326 quum
511 3241 580 3304 et
640 3238 832 3304 Jovis
915 3236 1278 3322 Capitolini
1353 3236 1638 3302 tutelam
1706 3236 1958 3303 iterum
2026 3253 2409 3319 agnovere.
2526 3246 2540 3256 ·

221 3354 516 3422 Tribuni
566 3352 788 3437 plebis
837 3371 920 3419 ea
934 3351 1329 3419 conditione
1389 3351 1463 3417 in
1527 3350 1826 3433 gratiam
1891 3369 2048 3418 cum
2103 3351 2414 3435 patriciis

299 3733 363 3809 (1)
391 3738 593 3798 Festina,
623 3755 668 3790 s.
700 3755 751 3788 v.
780 3737 962 3790 plebei.

305 3820 371 3895 (2)
399 3828 699 3892 Dionysiae,
729 3826 823 3889 VI,
856 3831 926 3877 89.

303 3911 374 3986 (3)
405 3916 704 3983 Dionysius,
733 3915 925 3967 ibidem.

305 4000 369 4072 (4)
396 4004 600 4064 Festus,
630 4020 676 4054 e.
708 4020 760 4053 v,
792 4002 1022 4069 Papiria.
1759 4059 1763 4063 Α

302 4087 372 4161 (5)
403 4092 514 4145 Cic.
545 4092 616 4154 De
644 4093 902 4159 republica,
932 4093 1001 4151 ΙΙ,
1030 4099 1101 4143 33.
1136 4090 1373 4150 Salluste,
1401 4089 1605 4156 Fra-qm.
1639 4090 1774 4159 hist„
1806 4090 1848 4150 Ι,
1883 4096 1927 4140 8.

302 4175 368 4250 (6)
396 4180 507 4234 Cic.
538 4179 740 4250 mem
770 4179 810 4232 I
814 4203 837 4239 ‚·
863 4197 935 4233 or.
956 4197 1054 4247 pro
1088 4180 1146 4239 0.
1185 4179 1425 4233 Cornelio.
1457 4203 1532 4216 —-
1559 4178 1640 4231 cf.
1674 4179 1914 4244 Dionys„
1944 4176 2038 4237 vl,
2069 4182 2143 4228 90.
