3005 4955
1542 362 1897 426 ...16-

635 508 753 584 tat,
790 521 913 570 eos
940 502 1056 588 qui
1083 495 1354 586 possint
1379 504 1623 596 contra
1652 504 1943 567 caeteros
1964 500 2151 567 cives
2170 499 2414 581 virgas
2437 510 2521 567 ac
2539 517 2832 568 secures

630 615 941 700 expediri
965 616 1241 699 jubere,
1277 614 1362 680 de
1393 613 1691 682 tribunis
1722 613 1941 698 plebis
1972 612 2188 679 ullum
2237 613 2371 680 tale
2407 613 2831 699 supplicium

629 749 929 798 sumere.
964 732 1109 797 Hac
1133 729 1540 814 exceptione
1565 749 1607 795 a
1631 728 1940 796 consulis
1979 732 2047 795 et
2088 746 2131 794 a
2160 720 2512 797 dictatoris
2534 730 2608 796 vi
2642 732 2713 796 et
2734 729 2830 796 ab

646 866 886 914 eorum
914 845 1273 912 lictoribus
1308 846 1627 912 tribunus
1651 844 1872 930 plebis
1911 847 2099 910 tutus
2135 848 2204 910 et
2248 844 2422 911 liber
2453 845 2823 912 asseritur.

620 963 768 1029 ‘Sed
802 962 966 1048 quid
1000 962 1349 1028 contineat
1375 961 1490 1027 lex
1520 960 1726 1046 paulo
1756 960 1939 1027 infra
1973 961 2382 1047 expendam.
2425 962 2625 1030 Nunc
2658 981 2828 1048 pro-

638 1078 863 1164 posito
895 1078 1122 1162 aptius
1144 1079 1249 1144 est
1268 1077 1565 1143 formam
1592 1076 1810 1161 ipsius
1846 1075 2029 1158 legis
2057 1076 2430 1163 inspicere,
2480 1081 2573 1158 et,
2604 1088 2828 1163 quare

630 1196 914 1262 Sacrata
944 1191 1364 1272 nominetur,
1403 1209 1742 1275 quaerere.
1795 1190 2134 1257 Nimirum
2182 1192 2337 1258 haec
2388 1188 2829 1279 lex·jureju-

632 1305 855 1372 rando
896 1302 1207 1368 omnium
1263 1301 1522 1368 civium
1573 1301 1982 1367 confirmata
2026 1305 2156 1383 est,
2200 1320 2336 1387 quo
2387 1321 2462 1369 se
2518 1322 2829 1391 suosque

568 1444 572 1449 ·
634 1423 954 1506 posteros
980 1419 1076 1483 ita
1106 1417 1655 1498 obstrinxerunt,
1696 1419 1796 1495 ut,
1827 1434 1970 1482 non
2001 1416 2206 1483 modo
2234 1415 2348 1483 lex
2382 1418 2631 1485 violari
2666 1420 2822 1487 sine

642 1533 916 1622 piaculo
946 1550 1089 1598 non
1115 1534 1380 1616 posset,
1412 1532 1536 1597 sed
1569 1531 1749 1597 eine
1778 1531 2109 1613 abrogari
2138 1530 2413 1615 quidem
2447 1532 2827 1618 quidquam

632 1653 879 1737 postea
908 1647 1171 1713 liceret.
1220 1648 1387 1712 Haec
1409 1645 1651 1712 aeterni
1675 1645 2139 1729 jurisjurandi
2159 1646 2553 1724 ,exsecratio
2579 1648 2826 1716 Sacra-

636 1772 782 1833 tam
811 1763 1042 1848 legem
1075 1762 1263 1844 fecit,
1303 1780 1529 1846 neque
1558 1762 1790 1846 reipsa
1818 1761 2189 1845 quidquam
2213 1762 2402 1829 aliud
2433 1762 2588 1844 fuit,
2611 1784 2821 1849 quam

636 1902 920 1951 carmen
940 1880 1226 1964 jurandi
1254 1879 1435 1947 inter
1469 1879 1741 1965 plebem
1787 1876 2117 1944 rusticam
2158 1881 2226 1944 et
2251 1874 2582 1964 populum
2613 1883 2825 1966 patri-

651 2000 837 2065 cium
894 1996 1182 2064 foederis
1234 1995 1418 2061 illius
1488 2012 1618 2079 per
1668 1990 2006 2061 fetialium
2054 1995 2512 2065 caeremonias
2577 2014 2824 2066 conse-

638 2110 836 2176 crati.
876 2107 972 2195 (1)

730 2224 928 2301 Nam,
978 2224 1056 2287 ut
1094 2208 1493 2304 ‘Dionysius
1547 2239 1671 2306 per
1709 2222 1935 2304 legem
1980 2229 2343 2307 sacratam,
2398 2216 2496 2293 sic
2558 2228 2824 2308 LiviuS,

631 2328 756 2426 p‘er
785 2337 1016 2406 foedus
1056 2336 1290 2416 ictum,
1327 2335 1423 2402 ait
1469 2335 1783 2403 tribunos
1814 2338 2034 2427 plebis
2063 2340 2274 2408 fuisse
2313 2347 2821 2411 sacrosanctos,

636 2456 781 2523 Lex
810 2454 1027 2538 igitur
1058 2455 1327 2519 sacrata
1355 2450 1529 2518 nihil
1572 2451 1797 2520 differt
1833 2471 1876 2520 a
1916 2455 2180 2524 foedere
2209 2457 2388 2525 inter
2434 2457 2608 2526 duas
2645 2477 2826 2542 gen-

616 2581 734 2666 tes
769 2576 844 2642 in
866 2570 1499 2658 aeternum-jurat0,‘
1538 2572 1829 2672 ideoque
1847 2574 2010 2658 jnre
2037 2577 2350 2658 gentium
2383 2577 2642 2644 tribuni
2667 2576 2819 2662 ple-

633 2691 742 2758 bis
765 2692 959 2757 fuere
984 2690 1300 2758 inviolati
1336 2688 1451 2778 (2).
1669 2681 1672 2682 ᾗ

728 2806 1033 2873 Sacratae
1067 2806 1245 2889 legis
1320 2807 1603 2889 signum
1649 2805 1799 2885 fuit,
1850 2824 1994 2874 non
2050 2806 2271 2873 solum
2321 2808 2503 2890 juris
2540 2803 2830 2893 jurandi

638 2922 1019 3004 aeternitas
1059 2923 1181 2991 sed
1207 2923 1521 3009 capitalis
1551 2923 1626 2988 in
1659 2921 2065 3019 violatorem
2095 2940 2328 3006 poena.
2381 2924 2555 2990 Nam
2585 2926 2830 2992 Festus

637 3039 708 3105 id
758 3042 1273 3106 sacrosanctum
1322 3056 1472 3104 esse
1531 3036 1865 3115 definivit,
1907 3037 2114 3121 quod,
2149 3038 2311 3121 jure
2369 3039 2676 3120 jurando
2723 3040 2827 3105 in-

636 3153 990 3238 terposito,
1040 3153 1136 3217 ita
1180 3130 1567 3217 institutum
1597 3151 1708 3230 sit,
1742 3155 1839 3231 ut,
1871 3152 1928 3218 si
1954 3151 2196 3236 quisid
2224 3151 2574 3231 violasset,
2607 3159 2831 3222 morte

650 3285 896 3353 poenas
921 3266 1251 3351 penderet
1285 3265 1395 3352 (3).
1431 3266 1556 3332 His
1582 3266 1797 3350 igitur
1832 3265 2106 3335 indiciis
2135 3268 2370 3350 legum
2400 3273 2830 3336 sacratarum

639 3625 656 3644 ·
690 3622 751 3657 ou
778 3606 835 3657 do
863 3616 970 3658 τηεν
996 3614 1065 3659 αλ
1091 3608 1255 3659 tribun
1283 3625 1452 3661 comme
1478 3610 1523 3662 il
1545 3611 1693 3668 serait
1717 3615 1749 3661 ὰ
1784 3628 1852 3661 un
1887 3612 2062 3662 homme
2089 3609 2145 3660 de
2177 3611 2227 3662 la
2241 3610 2396 3677 plebe.
2433 3631 2450 3650 ·
2496 3611 2611 3663 Hoc
2645 3629 2839 3681 nequa·

537 3717 557 3735 0
635 3712 785 3761 quam
815 3697 985 3748 verbis
1012 3697 1143 3765 legis
1173 3701 1466 3757 continetur;
1495 3715 1706 3766 namque
1734 3700 1950 3759 tribuno,
1978 3708 2034 3749 ut
2051 3701 2213 3764 uniqde
2241 3701 2431 3764 multis,
2463 3702 2516 3751 id
2542 3710 2621 3771 est
2646 3712 2705 3754 ut
2734 3708 2842 3771 pri-

635 3793 772 3849 vat0‚
806 3802 904 3836 non
934 3793 992 3835 ut
1018 3785 1232 3852 plebeio,
1263 3789 1493 3852 imperari
1522 3789 1790 3854 quidquam
1818 3789 2126 3854 prohibetur.
2203 3841 2210 3849 ,

709 3867 782 3938 (1)
818 3875 1115 3941 Dionysius,
1146 3877 1242 3936 VI,
1273 3883 1344 3937 89,

712 3957 770 4027 (2)
801 3963 977 4014 Livius
1004 3964 1101 4025 IV,
1134 3971 1161 4015 6
1192 3987 1203 4015 ε
1235 3964 1482 4018 Consules
1513 3962 1853 4033 (Cincinnatus
1881 3976 1933 4019 et
1960 3962 2292 4034 Capitolinus)
2311 3967 2639 4019 abhorrebant
2667 3984 2699 4019 a
2726 3970 2840 4020 vio-

631 4051 799 4102 landis
828 4053 891 4101 iis
919 4067 1059 4117 quos,
1092 4051 1271 4102 foedere
1299 4056 1394 4104 icto
1421 4071 1536 4105 cum
1563 4055 1724 4121 plebe,
1746 4064 2083 4107 sacrosanctos
2112 4058 2436 4121 accepissent.

704 4128 777 4201 (3)
822 4135 1035 4197 Festus,
1082 4136 1161 4187 ed.
1208 4136 1410 4205 Egger,
1454 4156 1508 4207 p.
1553 4145 1650 4192 201.
1697 4139 1757 4195 S.
1801 4158 1849 4193 v.
1898 4139 2281 4195 Sacrosanctum.
2314 4164 2387 4176 —
2414 4138 2519 4200 Cf..
2554 4137 2711 4226 βία..
2743 4158 2845 4207 pro

640 4224 811 4287 Balbo,
841 4231 912 4276 14.
1166 4235 1169 4242 “
1220 4242 1226 4247 ·
