3005 4955
1479 413 1837 478 ...44-

555 582 588 617 )
637 557 888 641 potest.
921 554 1053 621 Sed
1077 553 1549 647 quaerentibus
1572 553 1772 619 nobis
1791 570 1998 638 quam
2027 553 2115 619 ob
2136 570 2426 621 causam
2449 554 2756 637 tribuni,

553 697 586 732 2»
637 671 754 756 qui
784 688 1124 738 summam
1167 671 1504 737 haberent
1553 668 1921 736 coercendi
1961 673 2414 754 potestatem,
2456 671 2577 754 Jus
2623 691 2755 739 vo-

554 813 587 848 »
639 788 842 853 candi
902 805 1046 853 non
1092 787 1498 865 habuerint,
1547 786 1714 852 illud
1764 785 2160 864 succurrit,
2226 787 2413 870 quod
2486 787 2763 855 tribuni

554 924 590 964 n·
643 903 865 987 plebis
900 903 1304 987 antiquituS,
1342 921 1483 968 non
1506 903 1652 982 juri
1682 901 2009 980 dicundO,
2042 920 2171 968 nec
2219 901 2451 968 causis
2502 921 2759 987 quere-

565 1042 591 1077 »
643 1017 866 1103 lisque
895 1019 980 1084 de
1019 1017 1831 1103 absentibus-noscendis
1861 1016 2076 1083 creati
2104 1016 2453 1096 videntur,
2481 1019 2604 1084 sed
2638 1018 2752 1084 in-

556 1158 587 1194 »
640 1132 1183 1201 tercessionibus
1245 1133 1612 1214 faciendis,
1665 1133 1913 1219 quibus
1968 1136 2357 1218 praesentes
2401 1131 2703 1201 fuissent
2729 1150 2751 1216 3

554 1268 593 1312 »
638 1248 1024 1334 utinjuria,
1057 1269 1213 1335 quae
1249 1253 1486 1318 coram
1517 1251 1741 1328 fieret,
1782 1255 2166 1316 arceretur.
2213 1273 2237 1306 ι

635 1364 813 1431 Hinc
848 1370 1034 1451 patet
1050 1370 1171 1451 jus
1208 1340 1444 1433 auxilii
1474 1385 1599 1453 per
1627 1365 1827 1432 varia
1859 1363 2441 1431 intercessionum
2476 1382 2752 1448 genera

550 1482 860 1549 exerceri
892 1483 1172 1550 solitum
1215 1503 1400 1563 esse,
1444 1502 1576 1551 nec
1622 1483 1996 1568 quidquam
2026 1481 2356 1559 valuisse,
2403 1480 2541 1547 nisi
2576 1481 2748 1566 quia
2807 1494 2824 1510 ·

531 1598 695 1680 jure
728 1599 1232 1684 prehensionis.
1275 1600 1350 1666 id
1381 1603 1488 1667 est
1534 1618 1806 1666 summo
1834 1600 1998 1683 ,iure
2037 1595 2438 1674 coercendi,
2486 1595 2748 1663 nitere-

539 1718 675 1782 tur.
717 1716 840 1782 Cui
868 1686 1053 1784 enim
1076 1716 1411 1784 auxilium
1441 1717 1625 1784 ferre
1657 1715 1979 1783 tribunus
2015 1712 2233 1798 plebis
2280 1711 2648 1797 potuisset,
2684 1715 2748 1780 si

534 1831 1112 1900 intercessionem
1168 1833 1641 1900 contemnenti
1691 1850 1834 1898 non
1892 1849 2142 1897 manus
2201 1828 2513 1913 injectio,
2586 1847 2738 1896 non

537 1964 800 2028 carcer,
847 1948 988 2013 non
1047 1965 1290 2015 saxum
1350 1949 1717 2033 Tarpeium
1771 1948 2017 2015 fuisset
2064 1946 2542 2033 propositum?
2612 1947 2742 2014 Su-

533 2061 721 2128 blata
767 2064 1150 2147 prendendi
1201 2068 1569 2149 potestate,
1620 2064 1913 2130 verbum
1960 2062 2131 2129 illud
2177 2062 2737 2141 intercessioniS,

546 2173 716 2242 Veto
748 2176 856 2264 (1),
894 2178 1101 2244 inane
1137 2178 1391 2262 aliquid
1420 2184 1490 2245 et
1534 2196 1739 2246 vanae
1775 2179 1977 2246 flatus
2013 2179 2204 2247 vocis
2238 2179 2508 2245 suisset.
2558 2181 2738 2245 Data

536 2295 765 2359 autem
796 2294 1276 2379 prehensione.
1331 2296 1455 2381 jus
1520 2294 1758 2361 auxilii
1799 2298 1950 2362 erat
2005 2296 2091 2360 ad
2150 2279 2384 2361 omnia
2438 2294 2726 2361 efficax.

534 2407 701 2484 Quis
731 2409 1043 2491 auderet,
1069 2415 1187 2476 aut
1215 2410 1598 2477 debitorem
1623 2414 1928 2491 nectere,
1961 2413 2080 2476 aut
2097 2408 2441 2494 judicare,
2479 2413 2600 2476 aut
2630 2410 2734 2477 le-

531 2540 695 2605 gem
720 2542 1140 2611 proponere,
1179 2529 1299 2591 aut
1326 2526 1592 2608 legere,
1623 2530 1741 2593 aut
1775 2530 2133 2593 senatores
2166 2524 2579 2593 sententiam
2608 2544 2729 2593 ro-

529 2656 728 2721 gare,
765 2645 886 2707 aut
935 2659 1189 2706 vocare
1223 2639 1313 2706 ad
1367 2641 1783 2724 suffragium
1824 2641 2049 2720 tribus
2100 2644 2170 2708 et
2219 2640 2598 2721 centuriaS,
2662 2640 2725 2706 si

526 2754 845 2822 tribunus
872 2755 1118 2840 plebis,
1150 2755 1241 2822 ne
1289 2775 1423 2842 qua
1451 2757 1711 2842 injuria
1741 2757 1925 2842 plebi
1961 2758 2184 2836 fieret,
2238 2754 2573 2822 auxilium
2609 2754 2723 2823 in-

525 2874 945 2955 terponeret,
983 2875 1054 2938 et
1094 2872 1623 2940 intercessionis
1660 2871 2126 2957 contemptori
2175 2874 2720 2957 repraesentaret

452 2973 453 2976 '
520 2989 638 3052 aut
662 2986 897 3061 letum,
928 2992 1048 3055 aut
1080 2989 1429 3069 exsilium,
1464 2992 1587 3055 aut
1614 2989 1829 3055 robur
1858 2986 2330 3073 perduellibus
2355 2984 2717 3051 debitum?

516 3103 671 3168 Non
733 3103 872 3169 alio
920 3122 1134 3171 sensu
1189 3105 1423 3171 Livius
1464 3105 1639 3171 dixit
1697 3093 2277 3171 intercessionem
2312 3100 2715 3169 secessione

510 3217 736 3304 plebis
798 3236 956 3285 esse
1011 3222 1305 3303 partam,
1358 3223 1428 3287 et
1470 3209 1769 3288 ostendit
1799 3220 2190 3300 Camillum,
2239 3217 2401 3303 quia
2448 3217 2709 3300 tribus,

520 3326 987 3392 intercessore
1019 3321 1441 3411 contempto,
1474 3328 1565 3394 ad
1600 3328 2013 3411 suffragium
2041 3317 2486 3414 vocarentur,
2508 3325 2715 3396 auxi.-

465 3516 475 3526 ι
508 3439 679 3506 lium
707 3437 1156 3507 tribunicium
1182 3437 1476 3526 imperio
1517 3446 1855 3510 tutantem
1882 3441 2001 3530 (2).

595 3553 896 3635 Scilicet,
950 3557 1531 3640 quemadmodum
1584 3559 1978 3628 tribunatus
2037 3557 2189 3646 ipSe
2235 3576 2379 3626 non
2437 3557 2714 3641 magis-

505 3673 728 3737 tratus
785 3690 1116 3740 romanus
1173 3673 1304 3742 fuit
1361 3675 1572 3754 certis
1604 3676 1881 3760 legibus
1941 3668 2342 3756 adstrictuS‚
2406 3675 2530 3741 sed
2589 3674 2709 3743 vis

390 3789 399 3796 ’
503 3805 778 3882 summa
800 3787 1050 3876 plebiS‚
1081 3808 1265 3875 quae,
1317 3789 1576 3859 violato
1622 3796 2067 3861 sacrosancto
2118 3792 2409 3873 foedere,
2454 3789 2697 3858 omnia

570 4172 639 4248 (1)
663 4182 860 4245 Liviae,
893 4180 987 4244 VI,
1019 4187 1091 4233 35.

564 4261 629 4337 (1)
657 4269 849 4333 Livius,
880 4268 976 4334 VI,
1008 4276 1079 4323 ³81
