3005 4955
1167 291 1522 358 ...45-

144 492 151 497 .
224 436 389 518 jure
435 432 600 500 belli
624 449 839 514 agere
889 435 958 499 et
999 432 1184 498 ferre
1206 412 1475 517 posset,
1509 432 1605 498 ita
1636 432 1966 499 auxilium
1992 433 2436 502 tribunicium

228 567 377 617 non
412 545 544 617 suit
563 549 683 631 jus
715 548 1060 632 quoddam
1090 549 1537 633 praefinitum,
1572 548 1720 627 sed,
1749 552 1827 614 ut
1851 548 1949 615 ita
1979 549 2227 629 dicam,
2262 551 2431 616 infi-

225 665 455 731 nitum
483 667 553 731 et
578 663 932 732 adomnia
959 662 1335 748 pertinens,
1365 663 1563 738 Quod
1591 680 1799 747 quam
1816 663 1954 729 late
1982 663 2286 749 patuerit
2313 681 2431 731 os·

227 779 536 860 tendam,
573 798 788 865 quum
817 780 903 845 de
943 778 1155 845 variis
1187 778 1772 855 intercessionum
1803 778 2182 859 generibus
2204 779 2424 846 disse-

224 913 405 962 ram.
440 895 595 962 Non
625 894 813 960 enim
859 893 1096 961 auxilii
1126 895 1248 978 jus
1294 893 1490 975 illud,
1545 892 2006 978 prehensione
2053 891 2302 959 fultum
2347 910 2430 960 ac

223 1009 623 1090 fundatum,
658 992 879 1075 crevit
919 1013 1039 1076 aut
1087 1010 1369 1075 modum
1416 1008 1743 1089 excessit,
1779 1027 1992 1093 quum
2026 1007 2170 1073 vim
2197 1026 2422 1089 suam,

224 1124 713 1201 occasionibus
756 1124 962 1206 datis,
1032 1142 1158 1210 per
1198 1124 1737 1191 intercessiones
1794 1122 2244 1208 exprompsit,
2303 1124 2426 1190 sed

223 1244 501 1321 contra,
527 1258 617 1306 ex
642 1238 917 1307 infinito
946 1244 1241 1321 certum,
1264 1259 1351 1305 ex
1370 1238 1607 1305 hostili
1628 1238 1829 1305 civile
1856 1238 2120 1305 factum
2139 1241 2247 1305 est
2269 1255 2290 1321 3
2321 1241 2423 1318 ut,
2469 1294 2472 1297 ,
2505 1223 2510 1228 ’

222 1374 442 1440 quum
503 1355 974 1436 Coriolanum,
1025 1374 1228 1441 quem
1287 1355 1678 1421 interficere
1739 1354 1899 1436 lege
1973 1356 2424 1439 sacrosancta
2481 1336 2486 1337 ⁷

220 1472 490 1538 tribuni
521 1471 1001 1539 indemnatum
1044 1474 1351 1556 possent,
1406 1470 1656 1550 tribuS,
1702 1469 2095 1554 praestituto
2131 1468 2424 1554 judici0,

219 1587 552 1655 exsulare
570 1588 958 1670 jusserunt.
1150 1568 1155 1573 ²

492 1813 538 1894 g
571 1814 638 1877 7.
668 1845 758 1860 —
794 1806 1012 1900 Intra
1045 1828 1215 1897 quos
1251 1806 1512 1876 limites
1545 1804 1950 1877 tribunatus
1965 1804 2155 1894 jura

1052 1929 1575 1994 exercerentur.
1753 1930 1756 1931 *

308 2165 503 2229 Intra
564 2161 766 2229 Urbis
814 2163 1267 2244 Pomoerium,
1321 2167 1414 2245 et,
1464 2168 1662 2231 extra
1718 2166 2002 2247 Urbem,
2052 2184 2274 2251 usque
2331 2164 2419 2231 ad

216 2279 525 2366 primum
544 2278 953 2373 »milliarium
985 2279 1241 2347 tribuni
1274 2260 1675 2365 plebiSJ'ura
1702 2285 2418 2365 sacrosanctaepotes-
2467 2316 2478 2325 ·

214 2396 408 2471 tatis,
433 2395 974 2482 prehensionem
1003 2399 1073 2462 et
1099 2396 1675 2465 intercessionem
1705 2398 2075 2466 habebant.
2101 2396 2417 2480 Longius

215 2513 305 2608 ab
347 2512 532 2579 Urbe
550 2512 743 2578 'mille
780 2530 1143 2598 passuum,
1173 2512 1363 2579 nulla
1387 2517 1538 2580 erat
1557 2514 1645 2580 ad
1675 2532 1795 2581 eos
1821 2514 2250 2601 provocatio,
2293 2532 2417 2581 ne-

212 2648 355 2715 que
385 2627 720 2695 auxilium
749 2628 1074 2714 cuiquam
1114 2629 1297 2695 ferre
1327 2633 1674 2715 poterant.
1725 2632 1964 2715 Itaque
2015 2628 2105 2716 (1)
2162 2646 2414 2695 consu-

209 2747 321 2813 les
354 2744 723 2820 Quinctius
747 2744 1190 2812 Cincinnatus
1212 2748 1281 2811 et
1322 2747 1401 2810 P.
1447 2745 1769 2812 Valerius
1823 2764 2144 2830 aug-ires
2170 2745 2416 2811 adesse

211 2861 304 2929 ad
328 2858 684 2942 Regillum
725 2859 953 2926 lacum
975 2859 1767 2943 jusserant,.locumque
1813 2835 2252 2942 inaugurari,
2294 2858 2416 2925 ubi

211 2979 580 3065 auspicato
608 2997 769 3046 cum
798 2975 1053 3066 populo
1083 2974 1204 3057 agi
1246 2978 1505 3058 posset.
1561 2973 1663 3040 Ibi
1693 2973 2025 3039 rebantur
2053 2974 2124 3039 id
2169 2961 2415 3040 omnes

202 3097 565 3179 jussuroS‚
591 3091 776 3177 quod
810 3067 1131 3158 consules
1149 3089 1408 3170 vellent
1419 3106 1440 3172 3
1470 3088 1789 3156 tribunos
1816 3088 2028 3168 enim,
2067 3088 2125 3155 si
2174 3105 2260 3155 eo
2288 3107 2411 3155 ve-

207 3211 476 3289 nirent,
520 3209 595 3275 in
631 3208 769 3274 alia
798 3208 1000 3275 turba
1054 3205 1423 3283 Quiritium
1459 3204 1811 3289 subJectos
1867 3206 2020 3272 fore
2064 3203 2416 3272 consulari

208 3326 539 3413 imperio.
577 3326 768 3392 Idem
797 3322 1189 3392 tribuniciae
1215 3323 1579 3406 potestatis
1610 3322 1808 3389 limes
1856 3322 2186 3389 immotus
2222 3340 2417 3389 man-

210 3443 305 3511 sit
329 3445 561 3526 usque
583 3442 673 3506 ad
695 3439 994 3523 Augusti
1031 3443 1372 3523 tempora,
1404 3438 1579 3504 Nam
1611 3438 1736 3503 Dio
1766 3431 2029 3515 narrat,
2069 3440 2226 3522 post
2254 3454 2417 3521 cap-

210 3563 364 3626 tam
398 3547 916 3635 Alexandriam,
952 3573 995 3620 a
1019 3557 1263 3621 senatu
1309 3552 1607 3630 delatam
1659 3570 1812 3619 esse
1870 3551 2155 3619 Octavio
2200 3552 2416 3619 tribu-

209 3674 481 3742 niciam
533 3675 947 3758 potestatem
1000 3687 1160 3735 cum
1204 3670 1365 3752 jure
1422 3666 1663 3734 auxilii
1719 3664 1984 3731 ferendi
2042 3664 2228 3728 intra
2283 3665 2416 3731 Po-

208 3788 549 3857 moerium
595 3840 615 3870 ‚
704 3795 776 3858 et
848 3791 1045 3854 extra
1117 3783 1545 3851 Pomoerium
1628 3797 1850 3866 usque
1926 3778 2015 3844 ad
2094 3782 2418 3846 octavum

280 4164 371 4238 (¹),
390 4169 587 4231 Livius,
618 4172 714 4233 111,
745 4177 815 4222 20.
