<?xml version="1.0" encoding="UTF-8"?>
<!DOCTYPE html PUBLIC "-//W3C//DTD XHTML 1.0 Transitional//EN"
    "http://www.w3.org/TR/xhtml1/DTD/xhtml1-transitional.dtd">
<html xmlns="http://www.w3.org/1999/xhtml" xml:lang="en" lang="en">
 <head>
  <title>
</title>
<meta http-equiv="Content-Type" content="text/html;charset=utf-8" />
  <meta name='ocr-system' content='tesseract 3.04.00' />
  <meta name='ocr-capabilities' content='ocr_page ocr_carea ocr_par ocr_line ocrx_word'/>
</head>
<body>
  <div class='ocr_page' id='page_1' title='image "./detribunisplebi00belogoog_0069.png"; bbox 0 0 3005 4955; ppageno 0'>
   <div class='ocr_carea' id='block_1_1' title="bbox 104 434 2344 2735">
    <p class='ocr_par' dir='ltr' id='par_1_1' title="bbox 104 434 2344 2735">
     <span class='ocr_line' id='line_1_1' title="bbox 134 434 2344 534; baseline 0.001 -17"><span class='ocrx_word' id='word_1_1' title='bbox 134 468 402 517; x_wconf 76' lang='lat' dir='ltr'>norum</span> <span class='ocrx_word' id='word_1_2' title='bbox 440 447 877 515; x_wconf 74' lang='lat' dir='ltr'><strong>mentionem</strong></span> <span class='ocrx_word' id='word_1_3' title='bbox 927 446 1096 513; x_wconf 82' lang='lat' dir='ltr'>facit</span> <span class='ocrx_word' id='word_1_4' title='bbox 1122 444 1241 534; x_wconf 81' lang='lat' dir='ltr'>(l).</span> <span class='ocrx_word' id='word_1_5' title='bbox 1291 447 1374 514; x_wconf 90' lang='lat' dir='ltr'>In</span> <span class='ocrx_word' id='word_1_6' title='bbox 1419 464 1556 532; x_wconf 89' lang='lat' dir='ltr'>quo</span> <span class='ocrx_word' id='word_1_7' title='bbox 1590 434 1820 531; x_wconf 75' lang='lat' dir='ltr'>&#39;magis</span> <span class='ocrx_word' id='word_1_8' title='bbox 1855 448 1986 516; x_wconf 90' lang='lat' dir='ltr'>sibi</span> <span class='ocrx_word' id='word_1_9' title='bbox 2020 454 2344 520; x_wconf 77' lang='lat' dir='ltr'>constare</span> 
     </span>
     <span class='ocr_line' id='line_1_2' title="bbox 104 560 2342 653; baseline 0 -21"><span class='ocrx_word' id='word_1_10' title='bbox 104 566 352 653; x_wconf 79' lang='lat' dir='ltr'>&#39;quam</span> <span class='ocrx_word' id='word_1_11' title='bbox 395 560 682 631; x_wconf 81' lang='lat' dir='ltr'>veritati</span> <span class='ocrx_word' id='word_1_12' title='bbox 708 562 1017 653; x_wconf 22' lang='lat' dir='ltr'>„obsequi</span> <span class='ocrx_word' id='word_1_13' title='bbox 1047 562 1348 629; x_wconf 85' lang='lat' dir='ltr'>videtur.</span> <span class='ocrx_word' id='word_1_14' title='bbox 1408 563 1583 629; x_wconf 91' lang='lat' dir='ltr'>Nam</span> <span class='ocrx_word' id='word_1_15' title='bbox 1632 563 1901 648; x_wconf 89' lang='lat' dir='ltr'>quoties</span> <span class='ocrx_word' id='word_1_16' title='bbox 1931 564 2182 649; x_wconf 81' lang='lat' dir='ltr'>quinos</span> <span class='ocrx_word' id='word_1_17' title='bbox 2207 568 2342 632; x_wconf 89' lang='lat' dir='ltr'>ad-</span> 
     </span>
     <span class='ocr_line' id='line_1_3' title="bbox 130 677 2339 767; baseline 0.001 -19"><span class='ocrx_word' id='word_1_18' title='bbox 130 682 376 759; x_wconf 79' lang='lat' dir='ltr'>mittit,</span> <span class='ocrx_word' id='word_1_19' title='bbox 395 698 759 765; x_wconf 86' lang='lat' dir='ltr'>nunquam</span> <span class='ocrx_word' id='word_1_20' title='bbox 770 679 1006 765; x_wconf 89' lang='lat' dir='ltr'>plures</span> <span class='ocrx_word' id='word_1_21' title='bbox 1026 679 1295 747; x_wconf 91' lang='lat' dir='ltr'>duobus</span> <span class='ocrx_word' id='word_1_22' title='bbox 1310 679 1621 746; x_wconf 78' lang='lat' dir='ltr'>nomin-at</span> <span class='ocrx_word' id='word_1_23' title='bbox 1634 677 1726 767; x_wconf 82' lang='grc'>(2)</span> <span class='ocrx_word' id='word_1_24' title='bbox 1733 698 1753 763; x_wconf 86' lang='grc'><strong>;</strong></span> <span class='ocrx_word' id='word_1_25' title='bbox 1773 681 2149 766; x_wconf 88' lang='lat' dir='ltr'>Dionysius</span> <span class='ocrx_word' id='word_1_26' title='bbox 2165 683 2339 750; x_wconf 89' lang='lat' dir='ltr'>duos</span> 
     </span>
     <span class='ocr_line' id='line_1_4' title="bbox 128 781 2340 882; baseline -0 -19"><span class='ocrx_word' id='word_1_27' title='bbox 128 815 417 882; x_wconf 85' lang='lat' dir='ltr'>quoque</span> <span class='ocrx_word' id='word_1_28' title='bbox 444 796 521 862; x_wconf 90' lang='lat' dir='ltr'>in</span> <span class='ocrx_word' id='word_1_29' title='bbox 547 797 777 865; x_wconf 86' lang='lat' dir='ltr'>Monte</span> <span class='ocrx_word' id='word_1_30' title='bbox 803 794 1013 860; x_wconf 85' lang='lat' dir='ltr'>Sacro</span> <span class='ocrx_word' id='word_1_31' title='bbox 1045 781 1302 860; x_wconf 86' lang='lat' dir='ltr'>electos</span> <span class='ocrx_word' id='word_1_32' title='bbox 1331 793 1600 874; x_wconf 88' lang='lat' dir='ltr'>retulit,</span> <span class='ocrx_word' id='word_1_33' title='bbox 1633 793 1884 878; x_wconf 89' lang='lat' dir='ltr'>quibus</span> <span class='ocrx_word' id='word_1_34' title='bbox 1917 798 2061 862; x_wconf 90' lang='lat' dir='ltr'>tres</span> <span class='ocrx_word' id='word_1_35' title='bbox 2095 796 2340 863; x_wconf 89' lang='lat' dir='ltr'>eodem</span> 
     </span>
     <span class='ocr_line' id='line_1_5' title="bbox 134 892 2340 997; baseline 0.001 -21"><span class='ocrx_word' id='word_1_36' title='bbox 134 929 326 977; x_wconf 88' lang='lat' dir='ltr'>anno</span> <span class='ocrx_word' id='word_1_37' title='bbox 378 910 641 978; x_wconf 85' lang='lat' dir='ltr'>fuerint</span> <span class='ocrx_word' id='word_1_38' title='bbox 682 909 1004 992; x_wconf 83' lang='lat' dir='ltr'>adrogati</span> <span class='ocrx_word' id='word_1_39' title='bbox 1038 906 1155 997; x_wconf 72' lang='grc'>(5).</span> <span class='ocrx_word' id='word_1_40' title='bbox 1217 911 1406 985; x_wconf 85' lang='lat' dir='ltr'>Quos</span> <span class='ocrx_word' id='word_1_41' title='bbox 1451 892 1660 975; x_wconf 87' lang='lat' dir='ltr'>etiam</span> <span class='ocrx_word' id='word_1_42' title='bbox 1702 909 2040 977; x_wconf 89' lang='lat' dir='ltr'>nominat.</span> <span class='ocrx_word' id='word_1_43' title='bbox 2083 910 2220 978; x_wconf 86' lang='lat' dir='ltr'>Sed</span> <span class='ocrx_word' id='word_1_44' title='bbox 2254 912 2340 979; x_wconf 90' lang='lat' dir='ltr'>de</span> 
     </span>
     <span class='ocr_line' id='line_1_6' title="bbox 134 1025 2196 1112; baseline -0.001 -17"><span class='ocrx_word' id='word_1_45' title='bbox 134 1028 544 1095; x_wconf 89' lang='lat' dir='ltr'>nominibus</span> <span class='ocrx_word' id='word_1_46' title='bbox 573 1045 717 1093; x_wconf 89' lang='lat' dir='ltr'>non</span> <span class='ocrx_word' id='word_1_47' title='bbox 744 1025 978 1093; x_wconf 90' lang='lat' dir='ltr'>minus</span> <span class='ocrx_word' id='word_1_48' title='bbox 1005 1044 1215 1112; x_wconf 87' lang='lat' dir='ltr'>quam</span> <span class='ocrx_word' id='word_1_49' title='bbox 1248 1026 1332 1092; x_wconf 91' lang='lat' dir='ltr'>de</span> <span class='ocrx_word' id='word_1_50' title='bbox 1357 1044 1651 1092; x_wconf 90' lang='lat' dir='ltr'>numero</span> <span class='ocrx_word' id='word_1_51' title='bbox 1688 1026 2031 1094; x_wconf 81' lang='lat' dir='ltr'>variatum</span> <span class='ocrx_word' id='word_1_52' title='bbox 2064 1031 2196 1094; x_wconf 90' lang='lat' dir='ltr'>est.</span> 
     </span>
     <span class='ocr_line' id='line_1_7' title="bbox 221 1140 2337 1229; baseline 0 -19"><span class='ocrx_word' id='word_1_53' title='bbox 221 1145 403 1220; x_wconf 84' lang='lat' dir='ltr'>Quae</span> <span class='ocrx_word' id='word_1_54' title='bbox 424 1161 643 1228; x_wconf 86' lang='lat' dir='ltr'>quum</span> <span class='ocrx_word' id='word_1_55' title='bbox 665 1142 761 1209; x_wconf 87' lang='lat' dir='ltr'>ita</span> <span class='ocrx_word' id='word_1_56' title='bbox 781 1141 946 1222; x_wconf 88' lang='lat' dir='ltr'>sint,</span> <span class='ocrx_word' id='word_1_57' title='bbox 971 1140 1148 1207; x_wconf 85' lang='lat' dir='ltr'>nihil</span> <span class='ocrx_word' id='word_1_58' title='bbox 1174 1158 1391 1207; x_wconf 84' lang='lat' dir='ltr'>morae</span> <span class='ocrx_word' id='word_1_59' title='bbox 1420 1146 1530 1208; x_wconf 85' lang='lat' dir='ltr'>est</span> <span class='ocrx_word' id='word_1_60' title='bbox 1557 1141 1723 1224; x_wconf 89' lang='lat' dir='ltr'>quin</span> <span class='ocrx_word' id='word_1_61' title='bbox 1754 1143 2116 1221; x_wconf 85' lang='lat' dir='ltr'>abeorum</span> <span class='ocrx_word' id='word_1_62' title='bbox 2140 1146 2337 1229; x_wconf 84' lang='lat' dir='ltr'>parte</span> 
     </span>
     <span class='ocr_line' id='line_1_8' title="bbox 134 1257 2336 1345; baseline 0.001 -20"><span class='ocrx_word' id='word_1_63' title='bbox 134 1262 406 1326; x_wconf 87' lang='lat' dir='ltr'>stemus</span> <span class='ocrx_word' id='word_1_64' title='bbox 427 1260 545 1344; x_wconf 83' lang='lat' dir='ltr'>qui</span> <span class='ocrx_word' id='word_1_65' title='bbox 568 1262 737 1325; x_wconf 87' lang='lat' dir='ltr'>sunt</span> <span class='ocrx_word' id='word_1_66' title='bbox 770 1260 839 1326; x_wconf 87' lang='lat' dir='ltr'>et</span> <span class='ocrx_word' id='word_1_67' title='bbox 865 1258 1105 1344; x_wconf 83' lang='lat' dir='ltr'>plures</span> <span class='ocrx_word' id='word_1_68' title='bbox 1143 1261 1213 1324; x_wconf 91' lang='lat' dir='ltr'>et</span> <span class='ocrx_word' id='word_1_69' title='bbox 1252 1257 1672 1324; x_wconf 81' lang='lat' dir='ltr'>vetustiores</span> <span class='ocrx_word' id='word_1_70' title='bbox 1705 1261 1775 1325; x_wconf 89' lang='lat' dir='ltr'>et</span> <span class='ocrx_word' id='word_1_71' title='bbox 1799 1259 2166 1345; x_wconf 80' lang='lat' dir='ltr'>peritiores</span> <span class='ocrx_word' id='word_1_72' title='bbox 2212 1280 2336 1328; x_wconf 89' lang='lat' dir='ltr'>re-</span> 
     </span>
     <span class='ocr_line' id='line_1_9' title="bbox 132 1370 2335 1461; baseline 0.001 -21"><span class='ocrx_word' id='word_1_73' title='bbox 132 1392 321 1455; x_wconf 82' lang='lat' dir='ltr'>rum,</span> <span class='ocrx_word' id='word_1_74' title='bbox 367 1373 726 1440; x_wconf 83' lang='lat' dir='ltr'>Ciceronis</span> <span class='ocrx_word' id='word_1_75' title='bbox 759 1370 1105 1451; x_wconf 89' lang='lat' dir='ltr'>videlicet,</span> <span class='ocrx_word' id='word_1_76' title='bbox 1136 1370 1412 1437; x_wconf 91' lang='lat' dir='ltr'>Pisonis</span> <span class='ocrx_word' id='word_1_77' title='bbox 1432 1375 1500 1437; x_wconf 89' lang='lat' dir='ltr'>et</span> <span class='ocrx_word' id='word_1_78' title='bbox 1517 1372 1727 1438; x_wconf 90' lang='lat' dir='ltr'>Attici</span> <span class='ocrx_word' id='word_1_79' title='bbox 1747 1370 1858 1461; x_wconf 86' lang='lat'>(4).</span> <span class='ocrx_word' id='word_1_80' title='bbox 1886 1375 2036 1442; x_wconf 91' lang='lat' dir='ltr'>Huc</span> <span class='ocrx_word' id='word_1_81' title='bbox 2068 1375 2335 1443; x_wconf 89' lang='lat' dir='ltr'>accedit</span> 
     </span>
     <span class='ocr_line' id='line_1_10' title="bbox 132 1484 2334 1574; baseline 0.001 -19"><span class='ocrx_word' id='word_1_82' title='bbox 132 1490 323 1573; x_wconf 80' lang='lat' dir='ltr'>quod</span> <span class='ocrx_word' id='word_1_83' title='bbox 367 1490 462 1555; x_wconf 84' lang='lat' dir='ltr'>ad</span> <span class='ocrx_word' id='word_1_84' title='bbox 502 1507 658 1555; x_wconf 90' lang='lat' dir='ltr'>eam</span> <span class='ocrx_word' id='word_1_85' title='bbox 695 1487 1097 1572; x_wconf 86' lang='lat' dir='ltr'>opinionem</span> <span class='ocrx_word' id='word_1_86' title='bbox 1141 1489 1446 1552; x_wconf 84' lang='lat' dir='ltr'>Zonaras</span> <span class='ocrx_word' id='word_1_87' title='bbox 1476 1484 1595 1574; x_wconf 81' lang='lat'>(5),</span> <span class='ocrx_word' id='word_1_88' title='bbox 1649 1506 1791 1554; x_wconf 90' lang='lat' dir='ltr'>non</span> <span class='ocrx_word' id='word_1_89' title='bbox 1817 1489 2057 1571; x_wconf 85' lang='lat' dir='ltr'>gravis</span> <span class='ocrx_word' id='word_1_90' title='bbox 2093 1508 2221 1574; x_wconf 92' lang='lat' dir='ltr'>per</span> <span class='ocrx_word' id='word_1_91' title='bbox 2254 1508 2334 1558; x_wconf 87' lang='lat' dir='ltr'>se</span> 
     </span>
     <span class='ocr_line' id='line_1_11' title="bbox 133 1586 2331 1694; baseline 0 -21"><span class='ocrx_word' id='word_1_92' title='bbox 133 1609 369 1693; x_wconf 88' lang='lat' dir='ltr'>ipsum</span> <span class='ocrx_word' id='word_1_93' title='bbox 397 1610 666 1685; x_wconf 84' lang='lat' dir='ltr'>auctor,</span> <span class='ocrx_word' id='word_1_94' title='bbox 698 1605 956 1690; x_wconf 85' lang='lat' dir='ltr'>aliquid</span> <span class='ocrx_word' id='word_1_95' title='bbox 991 1610 1222 1671; x_wconf 88' lang='lat' dir='ltr'>tamen</span> <span class='ocrx_word' id='word_1_96' title='bbox 1248 1586 1357 1687; x_wconf 82' lang='lat' dir='ltr'>adj</span> <span class='ocrx_word' id='word_1_97' title='bbox 1371 1605 1586 1686; x_wconf 36' lang='lat' dir='ltr'>ungit*</span> <span class='ocrx_word' id='word_1_98' title='bbox 1603 1606 1786 1688; x_wconf 88' lang='lat' dir='ltr'>quod</span> <span class='ocrx_word' id='word_1_99' title='bbox 1811 1606 2124 1694; x_wconf 71' lang='lat' dir='ltr'>Publiliae</span> <span class='ocrx_word' id='word_1_100' title='bbox 2152 1607 2331 1689; x_wconf 84' lang='lat' dir='ltr'>legis</span> 
     </span>
     <span class='ocr_line' id='line_1_12' title="bbox 134 1712 2331 1807; baseline -0 -17"><span class='ocrx_word' id='word_1_101' title='bbox 134 1742 428 1790; x_wconf 85' lang='lat' dir='ltr'>sensum</span> <span class='ocrx_word' id='word_1_102' title='bbox 448 1723 911 1807; x_wconf 87' lang='lat' dir='ltr'>introspicere</span> <span class='ocrx_word' id='word_1_103' title='bbox 931 1739 1060 1787; x_wconf 88' lang='lat' dir='ltr'>nos</span> <span class='ocrx_word' id='word_1_104' title='bbox 1094 1721 1302 1787; x_wconf 84' lang='lat' dir='ltr'>sinat.</span> <span class='ocrx_word' id='word_1_105' title='bbox 1335 1712 1616 1786; x_wconf 84' lang='lat' dir='ltr'>Ple&#39;bem</span> <span class='ocrx_word' id='word_1_106' title='bbox 1635 1720 1710 1785; x_wconf 88' lang='lat' dir='ltr'>in</span> <span class='ocrx_word' id='word_1_107' title='bbox 1735 1722 2127 1788; x_wconf 85' lang='lat' dir='ltr'>secessione</span> <span class='ocrx_word' id='word_1_108' title='bbox 2154 1722 2331 1789; x_wconf 85' lang='lat' dir='ltr'>duos</span> 
     </span>
     <span class='ocr_line' id='line_1_13' title="bbox 132 1835 2331 1926; baseline -0.001 -19"><span class='ocrx_word' id='word_1_109' title='bbox 132 1845 476 1926; x_wconf 85' lang='lat' dir='ltr'>patronos</span> <span class='ocrx_word' id='word_1_110' title='bbox 525 1838 659 1906; x_wconf 89' lang='lat' dir='ltr'>sibi</span> <span class='ocrx_word' id='word_1_111' title='bbox 702 1836 1008 1920; x_wconf 86' lang='lat' dir='ltr'>elegisse</span> <span class='ocrx_word' id='word_1_112' title='bbox 1037 1841 1321 1918; x_wconf 81' lang='lat' dir='ltr'>narrat3</span> <span class='ocrx_word' id='word_1_113' title='bbox 1373 1835 1621 1902; x_wconf 91' lang='lat' dir='ltr'>deinde</span> <span class='ocrx_word' id='word_1_114' title='bbox 1651 1836 1933 1903; x_wconf 84' lang='lat' dir='ltr'>auxisse</span> <span class='ocrx_word' id='word_1_115' title='bbox 1963 1856 2331 1905; x_wconf 89' lang='lat' dir='ltr'>numerum</span> 
     </span>
     <span class='ocr_line' id='line_1_14' title="bbox 133 1950 2325 2038; baseline -0.001 -14"><span class='ocrx_word' id='word_1_116' title='bbox 133 1961 209 2024; x_wconf 91' lang='lat' dir='ltr'>ut</span> <span class='ocrx_word' id='word_1_117' title='bbox 259 1956 569 2038; x_wconf 79' lang='lat' dir='ltr'>singulae</span> <span class='ocrx_word' id='word_1_118' title='bbox 598 1954 864 2023; x_wconf 87' lang='lat' dir='ltr'>classes</span> <span class='ocrx_word' id='word_1_119' title='bbox 896 1972 1063 2020; x_wconf 89' lang='lat' dir='ltr'>suos</span> <span class='ocrx_word' id='word_1_120' title='bbox 1107 1956 1442 2038; x_wconf 91' lang='lat' dir='ltr'>patronos</span> <span class='ocrx_word' id='word_1_121' title='bbox 1490 1950 1828 2020; x_wconf 85' lang='lat' dir='ltr'>baberent</span> <span class='ocrx_word' id='word_1_122' title='bbox 1879 1958 1947 2020; x_wconf 93' lang='lat' dir='ltr'>et</span> <span class='ocrx_word' id='word_1_123' title='bbox 1972 1952 2325 2037; x_wconf 85' lang='lat' dir='ltr'>vindices;</span> 
     </span>
     <span class='ocr_line' id='line_1_15' title="bbox 134 2061 2322 2166; baseline -0.001 -28"><span class='ocrx_word' id='word_1_124' title='bbox 134 2072 327 2156; x_wconf 87' lang='lat' dir='ltr'>quod</span> <span class='ocrx_word' id='word_1_125' title='bbox 355 2070 452 2136; x_wconf 85' lang='lat' dir='ltr'>ita</span> <span class='ocrx_word' id='word_1_126' title='bbox 468 2061 734 2166; x_wconf 66' lang='lat' dir='ltr'>factum</span> <span class='ocrx_word' id='word_1_127' title='bbox 752 2069 1098 2135; x_wconf 88' lang='lat' dir='ltr'>Asconius</span> <span class='ocrx_word' id='word_1_128' title='bbox 1128 2085 1401 2153; x_wconf 88' lang='lat' dir='ltr'>quoque</span> <span class='ocrx_word' id='word_1_129' title='bbox 1425 2067 1613 2134; x_wconf 91' lang='lat' dir='ltr'>haud</span> <span class='ocrx_word' id='word_1_130' title='bbox 1645 2068 1940 2135; x_wconf 86' lang='lat' dir='ltr'>obscure</span> <span class='ocrx_word' id='word_1_131' title='bbox 1959 2068 2185 2136; x_wconf 89' lang='lat' dir='ltr'>innuit</span> <span class='ocrx_word' id='word_1_132' title='bbox 2206 2067 2322 2158; x_wconf 89' lang='lat'>(6).</span> 
     </span>
     <span class='ocr_line' id='line_1_16' title="bbox 127 2182 2326 2271; baseline 0 -18"><span class='ocrx_word' id='word_1_133' title='bbox 127 2190 360 2253; x_wconf 88' lang='lat' dir='ltr'>Porro</span> <span class='ocrx_word' id='word_1_134' title='bbox 401 2185 567 2270; x_wconf 85' lang='lat' dir='ltr'>quid</span> <span class='ocrx_word' id='word_1_135' title='bbox 602 2183 736 2251; x_wconf 88' lang='lat' dir='ltr'>sibi</span> <span class='ocrx_word' id='word_1_136' title='bbox 781 2182 1003 2251; x_wconf 85' lang='lat' dir='ltr'>voluit</span> <span class='ocrx_word' id='word_1_137' title='bbox 1038 2183 1380 2250; x_wconf 87' lang='lat' dir='ltr'>Publilius</span> <span class='ocrx_word' id='word_1_138' title='bbox 1413 2202 1628 2267; x_wconf 89' lang='lat' dir='ltr'>quum</span> <span class='ocrx_word' id='word_1_139' title='bbox 1674 2184 1905 2268; x_wconf 85' lang='lat' dir='ltr'>legem</span> <span class='ocrx_word' id='word_1_140' title='bbox 1942 2185 2158 2253; x_wconf 84' lang='lat' dir='ltr'>ferret</span> <span class='ocrx_word' id='word_1_141' title='bbox 2191 2204 2326 2271; x_wconf 87' lang='lat' dir='ltr'>qua</span> 
     </span>
     <span class='ocr_line' id='line_1_17' title="bbox 125 2296 2321 2383; baseline 0 -16"><span class='ocrx_word' id='word_1_142' title='bbox 125 2299 393 2367; x_wconf 80' lang='lat' dir='ltr'>tribuni</span> <span class='ocrx_word' id='word_1_143' title='bbox 422 2298 641 2383; x_wconf 89' lang='lat' dir='ltr'>plebis</span> <span class='ocrx_word' id='word_1_144' title='bbox 667 2297 941 2365; x_wconf 89' lang='lat' dir='ltr'>tributis</span> <span class='ocrx_word' id='word_1_145' title='bbox 968 2296 1266 2363; x_wconf 90' lang='lat' dir='ltr'>comitiis</span> <span class='ocrx_word' id='word_1_146' title='bbox 1294 2298 1583 2363; x_wconf 68' lang='lat' dir='ltr'>fierent?</span> <span class='ocrx_word' id='word_1_147' title='bbox 1614 2298 1682 2365; x_wconf 90' lang='lat' dir='ltr'>Si</span> <span class='ocrx_word' id='word_1_148' title='bbox 1713 2299 1907 2366; x_wconf 89' lang='lat' dir='ltr'>Livio</span> <span class='ocrx_word' id='word_1_149' title='bbox 1925 2300 2321 2383; x_wconf 83' lang='lat' dir='ltr'>credimus,</span> 
     </span>
     <span class='ocr_line' id='line_1_18' title="bbox 129 2390 2322 2501; baseline 0.002 -20"><span class='ocrx_word' id='word_1_150' title='bbox 129 2416 532 2484; x_wconf 83' lang='lat' dir='ltr'>facultatem</span> <span class='ocrx_word' id='word_1_151' title='bbox 561 2415 868 2501; x_wconf 80' lang='lat' dir='ltr'>patriciis</span> <span class='ocrx_word' id='word_1_152' title='bbox 898 2414 1153 2482; x_wconf 86' lang='lat' dir='ltr'>ademit</span> <span class='ocrx_word' id='word_1_153' title='bbox 1182 2432 1306 2500; x_wconf 92' lang='lat' dir='ltr'>per</span> <span class='ocrx_word' id='word_1_154' title='bbox 1337 2414 1622 2482; x_wconf 87' lang='lat' dir='ltr'>clientes</span> <span class='ocrx_word' id='word_1_155' title='bbox 1661 2414 1736 2481; x_wconf 90' lang='lat' dir='ltr'>in</span> <span class='ocrx_word' id='word_1_156' title='bbox 1775 2414 2062 2499; x_wconf 81' lang='lat' dir='ltr'>triginta</span> <span class='ocrx_word' id='word_1_157' title='bbox 2090 2390 2322 2487; x_wconf 82' lang='lat' dir='ltr'>curias</span> 
     </span>
     <span class='ocr_line' id='line_1_19' title="bbox 126 2530 2323 2617; baseline 0.002 -19"><span class='ocrx_word' id='word_1_158' title='bbox 126 2532 399 2598; x_wconf 85' lang='lat' dir='ltr'>divisos</span> <span class='ocrx_word' id='word_1_159' title='bbox 428 2531 710 2598; x_wconf 89' lang='lat' dir='ltr'>creandi</span> <span class='ocrx_word' id='word_1_160' title='bbox 737 2550 913 2617; x_wconf 83' lang='lat' dir='ltr'>quos</span> <span class='ocrx_word' id='word_1_161' title='bbox 937 2530 1196 2598; x_wconf 85' lang='lat' dir='ltr'>vellent</span> <span class='ocrx_word' id='word_1_162' title='bbox 1235 2531 1554 2598; x_wconf 85' lang='lat' dir='ltr'>tribunos</span> <span class='ocrx_word' id='word_1_163' title='bbox 1593 2530 1837 2617; x_wconf 82' lang='lat' dir='ltr'>plebis.</span> <span class='ocrx_word' id='word_1_164' title='bbox 1878 2532 2180 2601; x_wconf 88' lang='lat' dir='ltr'>Clientes</span> <span class='ocrx_word' id='word_1_165' title='bbox 2201 2554 2323 2603; x_wconf 89' lang='lat' dir='ltr'>au·</span> 
     </span>
     <span class='ocr_line' id='line_1_20' title="bbox 130 2648 2320 2735; baseline 0.001 -20"><span class='ocrx_word' id='word_1_166' title='bbox 130 2655 269 2715; x_wconf 87' lang='lat' dir='ltr'>tem</span> <span class='ocrx_word' id='word_1_167' title='bbox 304 2649 779 2735; x_wconf 88' lang='lat' dir='ltr'>patriciorum,</span> <span class='ocrx_word' id='word_1_168' title='bbox 819 2650 890 2715; x_wconf 91' lang='lat' dir='ltr'>id</span> <span class='ocrx_word' id='word_1_169' title='bbox 919 2652 1025 2716; x_wconf 86' lang='lat' dir='ltr'>est</span> <span class='ocrx_word' id='word_1_170' title='bbox 1057 2648 1507 2734; x_wconf 88' lang='lat' dir='ltr'>pauperiores</span> <span class='ocrx_word' id='word_1_171' title='bbox 1556 2650 1848 2718; x_wconf 85' lang='lat' dir='ltr'>urbanae</span> <span class='ocrx_word' id='word_1_172' title='bbox 1895 2649 2116 2735; x_wconf 90' lang='lat' dir='ltr'>plebis</span> <span class='ocrx_word' id='word_1_173' title='bbox 2157 2653 2320 2728; x_wconf 89' lang='lat' dir='ltr'>Qui-</span> 
     </span>
    </p>
   </div>
   <div class='ocr_carea' id='block_1_2' title="bbox 129 2761 2446 2856">
    <p class='ocr_par' dir='ltr' id='par_1_2' title="bbox 129 2761 2446 2856">
     <span class='ocr_line' id='line_1_21' title="bbox 129 2761 2446 2856; baseline 0 -24"><span class='ocrx_word' id='word_1_174' title='bbox 129 2766 332 2840; x_wconf 83' lang='lat' dir='ltr'>rites,</span> <span class='ocrx_word' id='word_1_175' title='bbox 399 2764 774 2831; x_wconf 83' lang='lat' dir='ltr'>maximam</span> <span class='ocrx_word' id='word_1_176' title='bbox 814 2852 818 2856; x_wconf 20' lang='lat'><strong>⁴</strong></span> <span class='ocrx_word' id='word_1_177' title='bbox 841 2768 1111 2850; x_wconf 89' lang='lat' dir='ltr'>partem</span> <span class='ocrx_word' id='word_1_178' title='bbox 1188 2764 1262 2829; x_wconf 92' lang='lat' dir='ltr'>in</span> <span class='ocrx_word' id='word_1_179' title='bbox 1325 2767 1519 2830; x_wconf 82' lang='lat' dir='ltr'>sexta</span> <span class='ocrx_word' id='word_1_180' title='bbox 1556 2761 1674 2850; x_wconf 91' lang='lat'>(7)·</span> <span class='ocrx_word' id='word_1_181' title='bbox 1713 2783 1921 2848; x_wconf 87' lang='lat' dir='ltr'>quam</span> <span class='ocrx_word' id='word_1_182' title='bbox 1983 2769 2324 2834; x_wconf 90' lang='lat' dir='ltr'>memorat</span> <span class='ocrx_word' id='word_1_183' title='bbox 2442 2816 2446 2820; x_wconf 76' lang='lat'><strong>.</strong></span> 
     </span>
    </p>
   </div>
   <div class='ocr_carea' id='block_1_3' title="bbox 127 2873 2319 3082">
    <p class='ocr_par' dir='ltr' id='par_1_3' title="bbox 127 2873 2319 3082">
     <span class='ocr_line' id='line_1_22' title="bbox 128 2873 2319 2972; baseline -0.001 -26"><span class='ocrx_word' id='word_1_184' title='bbox 128 2879 515 2964; x_wconf 83' lang='lat' dir='ltr'>Dionysius</span> <span class='ocrx_word' id='word_1_185' title='bbox 551 2876 810 2945; x_wconf 87' lang='lat' dir='ltr'>civium</span> <span class='ocrx_word' id='word_1_186' title='bbox 843 2876 1067 2943; x_wconf 89' lang='lat' dir='ltr'>classe</span> <span class='ocrx_word' id='word_1_187' title='bbox 1108 2877 1597 2972; x_wconf 52' lang='lat' dir='ltr'>censebantur?</span> <span class='ocrx_word' id='word_1_188' title='bbox 1623 2880 1691 2942; x_wconf 90' lang='lat' dir='ltr'>et</span> <span class='ocrx_word' id='word_1_189' title='bbox 1719 2876 1791 2941; x_wconf 92' lang='lat' dir='ltr'>in</span> <span class='ocrx_word' id='word_1_190' title='bbox 1820 2877 2137 2943; x_wconf 87' lang='lat' dir='ltr'>tribubus</span> <span class='ocrx_word' id='word_1_191' title='bbox 2174 2873 2319 2944; x_wconf 80' lang='lat' dir='ltr'>suf-</span> 
     </span>
     <span class='ocr_line' id='line_1_23' title="bbox 127 2990 2318 3082; baseline -0.002 -20"><span class='ocrx_word' id='word_1_192' title='bbox 127 2995 437 3077; x_wconf 78' lang='lat' dir='ltr'>fragium</span> <span class='ocrx_word' id='word_1_193' title='bbox 455 2993 794 3061; x_wconf 84' lang='lat' dir='ltr'>ferebant.</span> <span class='ocrx_word' id='word_1_194' title='bbox 812 2992 1045 3060; x_wconf 89' lang='lat' dir='ltr'>Noluit</span> <span class='ocrx_word' id='word_1_195' title='bbox 1062 3010 1236 3075; x_wconf 83' lang='lat' dir='ltr'>ergo</span> <span class='ocrx_word' id='word_1_196' title='bbox 1262 2990 1618 3073; x_wconf 79' lang='lat' dir='ltr'>PubliliuS,</span> <span class='ocrx_word' id='word_1_197' title='bbox 1646 3009 1855 3076; x_wconf 89' lang='lat' dir='ltr'>quum</span> <span class='ocrx_word' id='word_1_198' title='bbox 1882 2990 2318 3082; x_wconf 79' lang='lat' dir='ltr'>tribunorum</span> 
     </span>
    </p>
   </div>
   <div class='ocr_carea' id='block_1_4' title="bbox 106 3366 2316 4151">
    <p class='ocr_par' dir='ltr' id='par_1_4' title="bbox 106 3366 2316 4151">
     <span class='ocr_line' id='line_1_24' title="bbox 186 3366 1291 3454; baseline -0.002 -27"><span class='ocrx_word' id='word_1_199' title='bbox 186 3370 269 3440; x_wconf 67' lang='grc' dir='ltr'>(ί)</span> <span class='ocrx_word' id='word_1_200' title='bbox 300 3376 498 3438; x_wconf 63' lang='lat' dir='ltr'>Livius,</span> <span class='ocrx_word' id='word_1_201' title='bbox 524 3375 599 3454; x_wconf 69' lang='lat'><strong>¹¹1⁹.</strong></span> <span class='ocrx_word' id='word_1_202' title='bbox 628 3380 702 3428; x_wconf 70' lang='lat' dir='ltr'>u.</span> <span class='ocrx_word' id='word_1_203' title='bbox 733 3369 815 3429; x_wconf 65' lang='lat' dir='ltr'>GC.</span> <span class='ocrx_word' id='word_1_204' title='bbox 846 3374 1085 3442; x_wconf 64' lang='lat' dir='ltr'>Dionys„</span> <span class='ocrx_word' id='word_1_205' title='bbox 1117 3366 1216 3436; x_wconf 64' lang='lat' dir='ltr'>IX,</span> <span class='ocrx_word' id='word_1_206' title='bbox 1246 3380 1291 3425; x_wconf 72' lang='lat'>2.</span> 
     </span>
     <span class='ocr_line' id='line_1_25' title="bbox 192 3457 693 3531; baseline 0.002 -15"><span class='ocrx_word' id='word_1_207' title='bbox 192 3457 260 3531; x_wconf 78' lang='lat'>(2)</span> <span class='ocrx_word' id='word_1_208' title='bbox 293 3465 491 3527; x_wconf 73' lang='lat' dir='ltr'>Livius,</span> <span class='ocrx_word' id='word_1_209' title='bbox 519 3466 590 3526; x_wconf 80' lang='lat'>11,</span> <span class='ocrx_word' id='word_1_210' title='bbox 623 3470 693 3517; x_wconf 69' lang='lat'>52.</span> 
     </span>
     <span class='ocr_line' id='line_1_26' title="bbox 192 3547 2102 3634; baseline 0.001 -30"><span class='ocrx_word' id='word_1_211' title='bbox 192 3547 271 3621; x_wconf 82' lang='lat'>(3)</span> <span class='ocrx_word' id='word_1_212' title='bbox 304 3555 601 3621; x_wconf 46' lang='lat' dir='ltr'>Dionysium</span> <span class='ocrx_word' id='word_1_213' title='bbox 634 3556 729 3616; x_wconf 86' lang='lat' dir='ltr'>VI,</span> <span class='ocrx_word' id='word_1_214' title='bbox 761 3560 832 3607; x_wconf 89' lang='grc'>89.</span> <span class='ocrx_word' id='word_1_215' title='bbox 2097 3628 2102 3634; x_wconf 87' lang='lat'><strong><em>.</em></strong></span> 
     </span>
     <span class='ocr_line' id='line_1_27' title="bbox 183 3638 2308 3713; baseline 0 -19"><span class='ocrx_word' id='word_1_216' title='bbox 183 3638 263 3711; x_wconf 68' lang='lat'>(4)</span> <span class='ocrx_word' id='word_1_217' title='bbox 310 3643 411 3694; x_wconf 90' lang='lat' dir='ltr'>His</span> <span class='ocrx_word' id='word_1_218' title='bbox 451 3661 647 3711; x_wconf 85' lang='lat' dir='ltr'>quoque</span> <span class='ocrx_word' id='word_1_219' title='bbox 687 3645 990 3713; x_wconf 79' lang='lat' dir='ltr'>suffragatur</span> <span class='ocrx_word' id='word_1_220' title='bbox 1028 3643 1207 3710; x_wconf 78' lang='lat' dir='ltr'>Lydus</span> <span class='ocrx_word' id='word_1_221' title='bbox 1230 3682 1242 3703; x_wconf 90' lang='lat'><em>‚</em></span> <span class='ocrx_word' id='word_1_222' title='bbox 1288 3642 1359 3694; x_wconf 82' lang='lat' dir='ltr'>De</span> <span class='ocrx_word' id='word_1_223' title='bbox 1400 3643 1761 3708; x_wconf 73' lang='lat' dir='ltr'>maqistratibus</span> <span class='ocrx_word' id='word_1_224' title='bbox 1801 3644 1927 3709; x_wconf 76' lang='lat' dir='ltr'>reip.</span> <span class='ocrx_word' id='word_1_225' title='bbox 1971 3659 2092 3695; x_wconf 80' lang='lat' dir='ltr'>rom.</span> <span class='ocrx_word' id='word_1_226' title='bbox 2098 3680 2116 3705; x_wconf 90' lang='lat'><em>,</em></span> <span class='ocrx_word' id='word_1_227' title='bbox 2146 3643 2308 3704; x_wconf 76' lang='lat' dir='ltr'>Paris,</span> 
     </span>
     <span class='ocr_line' id='line_1_28' title="bbox 118 3727 2316 3799; baseline 0.002 -19"><span class='ocrx_word' id='word_1_228' title='bbox 118 3733 242 3791; x_wconf 75' lang='lat'>1812,</span> <span class='ocrx_word' id='word_1_229' title='bbox 279 3731 359 3783; x_wconf 80' lang='lat' dir='ltr'>ed.</span> <span class='ocrx_word' id='word_1_230' title='bbox 390 3727 525 3783; x_wconf 88' lang='lat' dir='ltr'>Fuss</span> <span class='ocrx_word' id='word_1_231' title='bbox 566 3737 614 3783; x_wconf 89' lang='lat' dir='ltr'>et</span> <span class='ocrx_word' id='word_1_232' title='bbox 648 3732 810 3794; x_wconf 80' lang='lat' dir='ltr'>Hase,</span> <span class='ocrx_word' id='word_1_233' title='bbox 842 3734 980 3793; x_wconf 59' lang='lat' dir='ltr'>Liv&#39;„</span> <span class='ocrx_word' id='word_1_234' title='bbox 1011 3734 1056 3794; x_wconf 86' lang='lat'>1,</span> <span class='ocrx_word' id='word_1_235' title='bbox 1089 3734 1168 3785; x_wconf 81' lang='lat' dir='ltr'>ch.</span> <span class='ocrx_word' id='word_1_236' title='bbox 1214 3738 1284 3791; x_wconf 85' lang='grc'>38,</span> <span class='ocrx_word' id='word_1_237' title='bbox 1318 3749 1368 3799; x_wconf 92' lang='lat' dir='ltr'>p.</span> <span class='ocrx_word' id='word_1_238' title='bbox 1402 3737 1473 3791; x_wconf 76' lang='lat'>65,</span> <span class='ocrx_word' id='word_1_239' title='bbox 1508 3729 1729 3796; x_wconf 75' lang='lat' dir='ltr'>Septima</span> <span class='ocrx_word' id='word_1_240' title='bbox 1755 3732 1917 3784; x_wconf 74' lang='lat' dir='ltr'>electio</span> <span class='ocrx_word' id='word_1_241' title='bbox 1946 3755 1963 3783; x_wconf 90' lang='lat'><em>:</em></span> <span class='ocrx_word' id='word_1_242' title='bbox 1991 3729 2102 3783; x_wconf 71' lang='lat' dir='ltr'>Dav</span> <span class='ocrx_word' id='word_1_243' title='bbox 2125 3733 2316 3798; x_wconf 51' lang='lat' dir='ltr'>vnvm(</span> 
     </span>
     <span class='ocr_line' id='line_1_29' title="bbox 151 3819 286 3872; baseline -0.015 0"><span class='ocrx_word' id='word_1_244' title='bbox 151 3819 286 3872; x_wconf 72' lang='lat' dir='ltr'>lehis.</span> 
     </span>
     <span class='ocr_line' id='line_1_30' title="bbox 106 3836 2310 3984; baseline 0.002 -25"><span class='ocrx_word' id='word_1_245' title='bbox 106 3836 147 3885; x_wconf 54' lang='lat'><em>&#39;</em></span> <span class='ocrx_word' id='word_1_246' title='bbox 183 3900 246 3973; x_wconf 75' lang='lat'>(⁵)</span> <span class='ocrx_word' id='word_1_247' title='bbox 282 3909 504 3970; x_wconf 67' lang='lat' dir='ltr'>Zonaras,</span> <span class='ocrx_word' id='word_1_248' title='bbox 534 3909 769 3974; x_wconf 61' lang='lat' dir='ltr'>Annales,</span> <span class='ocrx_word' id='word_1_249' title='bbox 794 3913 851 3965; x_wconf 73' lang='lat' dir='ltr'>in</span> <span class='ocrx_word' id='word_1_250' title='bbox 885 3910 1031 3979; x_wconf 70' lang='lat' dir='ltr'>G&#39;ovp.</span> <span class='ocrx_word' id='word_1_251' title='bbox 1061 3907 1200 3965; x_wconf 62' lang='lat' dir='ltr'>mx.</span> <span class='ocrx_word' id='word_1_252' title='bbox 1224 3909 1383 3978; x_wconf 57' lang='lat' dir='ltr'>-Bym,</span> <span class='ocrx_word' id='word_1_253' title='bbox 1404 3911 1569 3970; x_wconf 61' lang='lat' dir='ltr'>Both,</span> <span class='ocrx_word' id='word_1_254' title='bbox 1592 3914 1714 3970; x_wconf 69' lang='lat'>18⁴⁴,</span> <span class='ocrx_word' id='word_1_255' title='bbox 1748 3915 1783 3960; x_wconf 77' lang='lat' dir='ltr'>t.</span> <span class='ocrx_word' id='word_1_256' title='bbox 1807 3910 1885 3972; x_wconf 75' lang='lat'>11,</span> <span class='ocrx_word' id='word_1_257' title='bbox 1909 3925 1969 3978; x_wconf 56' lang='grc'>,9.</span> <span class='ocrx_word' id='word_1_258' title='bbox 1999 3915 2071 3974; x_wconf 72' lang='grc' dir='ltr'>ὔῦ,</span> <span class='ocrx_word' id='word_1_259' title='bbox 2094 3909 2155 3966; x_wconf 78' lang='lat' dir='ltr'>L.</span> <span class='ocrx_word' id='word_1_260' title='bbox 2187 3912 2310 3984; x_wconf 79' lang='lat' dir='ltr'>vn,</span> 
     </span>
     <span class='ocr_line' id='line_1_31' title="bbox 114 4005 258 4049; baseline 0.014 -2"><span class='ocrx_word' id='word_1_261' title='bbox 114 4013 157 4047; x_wconf 88' lang='lat' dir='ltr'>c.</span> <span class='ocrx_word' id='word_1_262' title='bbox 195 4005 258 4049; x_wconf 82' lang='lat'>15</span> 
     </span>
     <span class='ocr_line' id='line_1_32' title="bbox 180 4080 737 4151; baseline 0.005 -15"><span class='ocrx_word' id='word_1_263' title='bbox 180 4080 245 4151; x_wconf 83' lang='lat'>(6)</span> <span class='ocrx_word' id='word_1_264' title='bbox 281 4087 550 4147; x_wconf 85' lang='lat' dir='ltr'>Asconius,</span> <span class='ocrx_word' id='word_1_265' title='bbox 583 4090 642 4140; x_wconf 89' lang='lat' dir='ltr'>L.</span> <span class='ocrx_word' id='word_1_266' title='bbox 676 4091 737 4140; x_wconf 82' lang='lat' dir='ltr'>L.</span> 
     </span>
    </p>
   </div>
   <div class='ocr_carea' id='block_1_5' title="bbox 181 4169 2063 4248">
    <p class='ocr_par' dir='ltr' id='par_1_5' title="bbox 181 4169 2063 4248">
     <span class='ocr_line' id='line_1_33' title="bbox 181 4169 2063 4248; baseline 0.005 -26"><span class='ocrx_word' id='word_1_267' title='bbox 181 4169 251 4239; x_wconf 89' lang='grc'>(7)</span> <span class='ocrx_word' id='word_1_268' title='bbox 284 4172 445 4229; x_wconf 80' lang='lat' dir='ltr'>Sexta</span> <span class='ocrx_word' id='word_1_269' title='bbox 472 4170 645 4230; x_wconf 78' lang='lat' dir='ltr'>classis</span> <span class='ocrx_word' id='word_1_270' title='bbox 672 4196 737 4230; x_wconf 81' lang='lat' dir='ltr'>ex</span> <span class='ocrx_word' id='word_1_271' title='bbox 763 4180 966 4241; x_wconf 76' lang='lat' dir='ltr'>aerariis,</span> <span class='ocrx_word' id='word_1_272' title='bbox 996 4178 1293 4245; x_wconf 70' lang='lat' dir='ltr'>proletariis,</span> <span class='ocrx_word' id='word_1_273' title='bbox 1325 4186 1376 4235; x_wconf 77' lang='lat' dir='ltr'>et</span> <span class='ocrx_word' id='word_1_274' title='bbox 1404 4181 1562 4248; x_wconf 75' lang='lat' dir='ltr'>eapite</span> <span class='ocrx_word' id='word_1_275' title='bbox 1590 4183 1756 4237; x_wconf 64' lang='lat' dir='ltr'>centia</span> <span class='ocrx_word' id='word_1_276' title='bbox 1780 4179 2063 4237; x_wconf 52' lang='lat' dir='ltr'>constabat.</span> 
     </span>
    </p>
   </div>
  </div>
 </body>
</html>
