3005 4955
1309 364 1916 457 ...42-

647 548 798 598 sam
832 531 1270 617 adoptionem
1304 531 1644 619 plebeiuS,
1684 531 1934 599 deinde
1960 529 2281 599 tribunus
2319 531 2545 616 plebis
2584 531 2872 613 factuS,

645 645 867 714 fretus
907 648 1346 715 multitudine
1408 649 1705 729 urbana,
1757 649 2002 713 Romae
2032 645 2431 713 dominatus
2490 650 2623 715 est.
2683 648 2862 715 Ideo

646 764 740 829 M.
763 762 1023 830 Tullius
1048 782 1089 830 a
1111 764 1388 832 tribuno
1413 762 1732 848 patricio,
1770 782 1812 828 a
1854 762 2214 846 plebecula
2257 761 2524 829 forensi
2566 762 2640 829 in
2666 762 2866 830 exsi-

643 876 814 944 lium
837 878 940 945 ire
961 879 1208 961 jussus
1235 880 1364 946 sibi
1383 898 1533 945 rem
1566 897 1724 945 cum
1747 884 1917 945 vero
1940 877 2058 943 illo
2091 882 2173 944 ac
2197 877 2467 944 rustico
2493 877 2867 944 tribunatu

644 993 860 1061 fuisse
893 996 1199 1077 negabat
1226 993 1338 1080 (1).

720 1109 1099 1193 ‚Libertatis
1153 1128 1298 1178 non
1348 1113 1937 1195 propugnatores,
1985 1108 2107 1176 sed
2150 1107 2545 1193 proditores
2578 1107 2861 1176 tribuni

640 1226 986 1296 Antonius
1016 1232 1085 1294 et
1115 1228 1325 1296 Curio
1358 1227 1665 1317 Caesaris
1709 1230 1939 1293 castra
1979 1225 2239 1310 petiere
2296 1229 2373 1291 ut
2415 1225 2592 1292 bello
2649 1224 2852 1292 civili

639 1343 999 1409 materiem
1052 1344 1473 1428 praeberent.
1525 1344 1819 1410 Senatus
1848 1340 2130 1407 invidiae
2165 1340 2445 1406 flamma
2495 1340 2851 1423 subjecta,

642 1458 884 1523 Caesar
910 1462 1381 1524 sacrosanctae
1414 1457 1777 1541 potestatis
1811 1455 2235 1523 ulciscendae
2265 1473 2547 1522 causam
2582 1474 2740 1541 prae
2775 1472 2858 1522 se

640 1570 820 1650 tulit,
850 1575 927 1638 ut
955 1556 1207 1656 patriae
1242 1571 1501 1639 bellum
1532 1571 1848 1638 inferret.
1890 1570 2021 1637 Sed
2071 1569 2373 1655 Pompeii
2404 1571 2645 1651 victor,
2681 1589 2855 1639 cum

642 1691 945 1755 caeteros
977 1687 1458 1771 magistratus,
1502 1692 1649 1755 tum
1683 1688 1890 1754 etiam
1939 1686 2366 1753 tribunatum
2412 1684 2676 1754 derisui
2707 1687 2854 1754 ha·-
2907 1774 2918 1775 ἶ

638 1805 810 1874 buit.
841 1805 1157 1892 Epidium
1189 1806 1377 1872 enim
1416 1809 1486 1872 et
1518 1804 1890 1872 Caesetium
1927 1802 2243 1871 tribunos
2298 1803 2524 1889 plebis
2559 1805 2851 1888 magis-

643 1898 829 1987 tratu
892 1918 1188 2004 privavit
1249 1921 1727 1998 sacrosanctO,
1763 1916 1947 2001 quod
1995 1916 2125 1983 sibi
2172 1916 2688 2001 displicuissent
2722 1916 2840 2005 (2).

643 2034 820 2109 Quid
879 2034 1094 2116 igitur
1150 2034 1213 2099 ei
1268 2033 1526 2118 profuit
1577 2034 2014 2115 majestatem
2089 2032 2532 2101 tribuniciam
2585 2053 2841 2120 perpe-

641 2151 833 2215 tuam
869 2146 955 2233 (3)
987 2148 1112 2213 sibi
1155 2149 1580 2230 arrogasse?
1636 2149 1802 2214 Sese
1847 2147 1994 2232 ipse
2043 2151 2278 2215 tantus
2324 2149 2436 2214 vir
2477 2147 2845 2232 induebat,

639 2266 710 2330 et
743 2263 1273 2347 conjuratorum
1305 2281 1511 2331 enses
1549 2262 1619 2329 in
1649 2281 1726 2328 se
1774 2263 2080 2341 acuebat·
2110 2263 2508 2348 imprudens
2564 2265 2846 2332 institu-

638 2385 868 2449 torum
908 2386 976 2448 et
1006 2381 1367 2449 hominum
1401 2379 1646 2465 patriae
1687 2398 1835 2447 suae
1870 2362 2304 2466 contemptor
2327 2397 2348 2463 3
2399 2400 2533 2472 nec
2580 2384 2844 2450 Catone

635 2498 866 2565 minus
895 2498 1257 2564 habendus
1287 2501 1395 2564 est
1426 2499 1667 2564 Caesar
1701 2496 1809 2563 sui
1829 2496 2051 2581 ipsius
2075 2496 2509 2579 interfector,
2539 2498 2662 2565 sed
2691 2518 2842 2567 non

638 2613 1100 2682 voluntarius
1172 2652 1180 2656 -
2223 2606 2232 2612 “

580 2817 583 2822 .
724 2726 1026 2796 Caesaris
1050 2745 1217 2795 casu
1239 2727 1529 2812 edoctus
1558 2730 1944 2809 Augustus,
1969 2727 2227 2794 veteris
2255 2725 2565 2794 instituta
2589 2730 2842 2798 Romae

629 2862 709 2913 se
745 2844 985 2912 mirari
1020 2848 1088 2912 et
1117 2842 1625 2924 vereri,-etiam
1666 2862 1876 2929 quum
1908 2847 2236 2924 mutaret,
2294 2844 2658 2928 professus
2695 2849 2832 2912 est.

626 2962 1107 3043 Tribunatum,
1149 2966 1225 3029 ut
1252 2961 1349 3027 ita
1401 2960 1655 3042 dicam,
1698 2960 1773 3028 in
1821 2960 1996 3027 duas
2047 2963 2283 3045 partes
2341 2959 2619 3027 divisit:
2682 2962 2835 3029 vim

623 3080 778 3163 ejus
804 3080 1177 3146 maximam
1206 3082 1276 3146 et
1312 3077 1756 3146 tribuniciam
1785 3074 1951 3145 vere
1981 3081 2399 3163 potestatem
2422 3077 2552 3146 sibi
2583 3096 2828 3166 sump-

632 3192 722 3260 sit
750 3196 821 3259 et
853 3194 1279 3278 Principibus
1312 3193 1513 3277 quasi
1541 3193 2034 3262 hereditariam
2069 3192 2371 3261 tradidit.
2437 3194 2706 3261 Nomen
2766 3198 2836 3263 et

632 3311 1067 3387 ornamenta,
1090 3307 1409 3393 quaedam
1434 3308 1644 3376 etiam
1674 3327 1966 3377 munera
1997 3309 2422 3390 tribunatuS,
2454 3309 2832 3393 magistra-

632 3422 820 3493 tibus
848 3424 1102 3492 annuis
1136 3423 1442 3510 reliquit.
1481 3424 1862 3509 Sejunctim
1887 3425 2108 3509 igitur
2141 3424 2226 3492 de
2256 3424 2612 3500 tribunatu
2641 3428 2713 3493 et
2744 3426 2834 3494 de

631 3538 1001 3610 tribunicia
1033 3543 1376 3627 potestate
1407 3539 1919 3608 disserendum.
1973 3542 2280 3627 Utraque
2331 3539 2567 3625 imago
2607 3540 2832 3611 tribu-

632 3659 843 3724 natus
896 3655 1162 3741 antiqui
1193 3654 1741 3738 similitudinem,
1789 3655 1914 3723 sed
1944 3654 2013 3721 vi
2045 3654 2250 3722 valde
2278 3652 2614 3734 dissimili,
2645 3655 2833 3723 refe-

635 3772 859 3840 rebat.
1971 3785 1984 3792 ’
2524 3789 2531 3794 ·

705 4067 770 4135 (1)
799 4035 934 4135 Cic„
961 4070 1035 4124 Do
1059 4071 1264 4141 legibus.
1285 4073 1385 4133 111.
1413 4079 1483 4125 11.

708 4154 775 4227 (2)
806 4157 1092 4224 Suetonius,
1122 4160 1304 4224 Caesar,
1333 4168 1404 4214 79.
1527 4177 1532 4182 “

708 4243 778 4317 (3)
808 4249 878 4303 D.
902 4245 1111 4310 Cassius
1119 4271 1142 4316 b
1167 4249 1336 4311 XLII,
1363 4255 1440 4303 20,
