3005 4955
1119 378 1428 443 —7-

174 520 405 587 rinam
437 521 643 586 vocat
666 517 781 607 (1).
815 518 956 588 Neo
999 500 1173 589 citra
1229 522 1440 591 fidem
1479 516 1693 593 fuerit
1738 528 1883 593 tum
1925 527 2230 613 primum
2284 530 2372 596 ad

177 654 436 721 agrum
468 648 836 703 romanum
865 655 1019 704 eam
1053 639 1418 723 regionem
1453 642 1855 726 adjunctam
1898 650 2206 725 esse,'ex
2236 636 2377 730 qua

177 754 474 848 posthac
509 768 720 820 censa
757 757 864 820 est
897 754 1118 822 tribus
1166 756 1639 839 Crustumina,
1694 774 1851 841 quae
1901 758 2032 826 fuit
2083 760 2376 846 septima

179 869 449 936 decima
481 869 901 938 rusticarum
936 868 1050 957 (2).

274 1116 319 1199 g
353 1116 418 1181 2.
453 1109 773 1182 Secessio
796 1111 1028 1203 plebis
1060 1111 1134 1181 in
1178 1110 1271 1180 M
1268 1119 1502 1218 entem
1534 1113 2199 1222 Sacrum-Gremio
2223 1116 2381 1188 'tri-

965 1228 1322 1299 bunorum
1342 1231 1611 1324 plebi&

190 1554 197 1563 .
285 1471 464 1548 Quid
498 1471 1041 1566 sueritsecessio
1073 1471 1291 1557 plebis
1327 1472 1400 1539 in
1453 1475 1762 1539 Montem
1814 1470 2127 1551 Sacrum,
2169 1492 2385 1557 quum

190 1587 329 1653 alio
359 1587 539 1652 libro
576 1587 726 1668 jam
774 1590 979 1652 antea
1020 1588 1497 1653 enarraverim
1553 1586 1669 1675 (3),
1732 1586 1906 1653 nihil
1973 1588 2218 1654 attinet
2268 1588 2383 1654 hic

187 1704 502 1790 pluribus
536 1703 770 1770 verbis
807 1703 1174 1788 explicare.
1230 1707 1326 1770 De
1356 1705 1487 1771 hac
1541 1724 1618 1771 re
1666 1706 2021 1790 praecipua
2071 1723 2385 1771 comme-

187 1820 530 1886 morando
552 1821 790 1906 paucis
819 1818 1202 1887 absolvam.
1245 1820 1529 1896 Quoties
1556 1819 1812 1887 bellum
1857 1821 2261 1901 ingruebat,
2300 1822 2386 1887 ab

186 1934 479 2001 urbanis
507 1936 579 2001 in
610 1936 960 2016 agricolas
995 1934 1229 2001 omnia
1253 1935 1769 2003 inclinabantur
1810 1954 2046 2002 onera.
2077 1926 2388 2022 Namque

194 2051 444 2119 rustici
484 2052 716 2118 omnia
745 2051 891 2117 sere
921 2052 1268 2118 habebant
1302 2051 1644 2117 incendiis
1681 2054 1749 2117 et
1769 2050 2033 2136 rapinis
2080 2052 2392 2118 hostium

191 2171 443 2253 aperta
475 2171 543 2235 et
571 2169 895 2249 obnoxia,
929 2172 1008 2234 et
1044 2169 1277 2252 primi,
1311 2171 1548 2253 utpote
1580 2167 1967 2246 fortissimi,
2006 2168 2391 2235 delectibus

191 2283 490 2366 agendis
547 2283 1108 2364 decuriabantur,
1162 2284 1451 2368 telisque
1498 2283 1806 2349 hostium
1854 2283 2384 2365 objiciebantur.

190 2399 459 2466 Urbani
481 2418 647 2466 vero
674 2418 748 2466 se
762 2418 1022 2485 suaque
1043 2400 1262 2465 muris
1286 2401 1532 2464 Romae
1555 2399 1764 2464 tutari
1783 2398 2122 2467 solebant.
2151 2400 2387 2484 Itaque

190 2517 379 2586 bello
415 2518 670 2605 amissa
698 2536 838 2584 aere
888 2517 1112 2583 alieno
1157 2518 1417 2583 sarcire
1457 2516 1712 2595 conati,
1766 2516 2222 2583 creditoribus
2256 2535 2388 2602 pa—

192 2612 419 2702 triciis
453 2653 527 2701 se
563 2633 950 2719 saepissime
977 2633 1381 2716 obligabant
1412 2632 1767 2716 agricolae,
1800 2633 1933 2700 Sed
1961 2652 2173 2718 quum
2207 2651 2391 2699 nun-

198 2748 387 2816 dinis
416 2750 672 2816 Urbem
727 2748 1077 2815 mutandis
1120 2749 1470 2816 mercibus
1518 2749 1985 2826 revisitarent,
2040 2748 2388 2815 debitores

195 2885 239 2931 a
302 2864 615 2950 patriciis
665 2865 952 2949 arrepti,
985 2864 1216 2946 ignari
1272 2865 1537 2946 legum,
1602 2864 1690 2928 ad
1732 2861 2037 2929 consulis
2090 2864 2393 2930 tribunal

200 2981 572 3067 compulsi,
608 2981 772 3046 nexi
799 2983 868 3046 et
896 2980 1150 3046 addicti
1179 2980 1460 3045 fiebant.
1495 2978 1726 3045 Liberi
1755 2977 2100 3057 homineS,
2141 2978 2390 3044 vulne·

197 3095 400 3160 ribus
455 3086 635 3160 bello
694 3095 1307 3186 acceptis,bnervo
1373 3097 1440 3160 et
1497 3092 1948 3178 compedibus
2002 3091 2270 3157 onerati
2316 3091 2391 3157 in

196 3208 531 3294 patricias
563 3209 806 3277 domos
840 3213 1167 3294 tanquam
1199 3209 1383 3274 servi
1408 3207 1979 3293 conficiebantur.
2000 3205 2223 3288 Igitur
2240 3201 2389 3289 jam

195 3341 346 3391 non
374 3328 596 3414 tutum
626 3325 726 3392 eis
754 3326 1012 3392 Forum
1055 3343 1417 3390 romanum
1472 3328 1648 3404 erat,
1701 3324 1818 3391 ubi
1881 3327 2000 3390 aut
2042 3323 2391 3389 frumenta

197 3446 322 3507 aut
356 3442 678 3507 animalia
700 3460 828 3509 sua
847 3460 1029 3509 veno
1050 3444 1410 3527 ponerent.
1434 3441 1671 3525 Itaque
1684 3440 1757 3506 in
1781 3433 2087 3507 Mentem
2105 3428 2400 3504 Sacrum

278 3795 342 3869 (1)
375 3802 558 3864 Varr0,
588 3799 658 3853 Do
687 3801 743 3853 L.
776 3801 858 3862 L,
888 3802 985 3865 IV,
1016 3809 1086 3853 81.
1119 3801 1221 3852 Ed.
1252 3802 1454 3854 Muller.
1541 3853 1546 3858 ,

278 3886 345 3959 (2)
372 3893 458 3943 Ad
495 3894 588 3947 has
629 3896 978 3963 septemdecim
1019 3898 1232 3952 rusticas
1271 3895 1430 3945 tribus
1474 3897 1523 3941 et
1575 3890 1636 3939 ad
1695 3894 1900 3953 quatuor
1941 3885 2153 3938 urbanas
2197 3879 2395 3954 quaudo

200 3986 509 4037 accesserint
548 3984 912 4054 quatuordecim
952 3987 1148 4036 rusticae
1177 4001 1284 4058 quae
1318 3982 1536 4052 XXXV
1565 3980 1780 4048 tribuum
1819 3974 2075 4044 numerum
2112 3975 2390 4042 explevero,

199 4075 388 4127 Livius
440 4082 722 4126 memorat:
760 4074 855 4134 VI,
901 4081 944 4126 5.
990 4072 1120 4133 VII,
1166 4079 1234 4123 15.
1277 4072 1423 4131 VIII,
1472 4076 1618 4121 11-14.
1665 4068 1807 4129 VIII,
1852 4073 1923 4119 17.
1969 4068 2064 4134 IX,
2110 4072 2181 4116 20.
2226 4067 2297 4138 X,
2342 4071 2385 4115 9.

201 4173 424 4237 epitome
451 4166 602 4219 XIX.
758 4219 763 4224 ,

277 4251 341 4319 (3)
370 4251 601 4309 Historia
627 4251 835 4323 eq'uzsfum
864 4269 1184 4312 romanorum,
1215 4261 1252 4301 t.
1286 4252 1328 4301 Ι.
1362 4269 1413 4318 p.
1447 4253 1657 4299 316-3114.
