3005 4955
1496 246 1856 313 ...54—

572 396 864 466 tandum
912 396 1022 461 est
1067 392 1263 478 quin,
1301 393 1468 457 tunc
1516 387 1882 474 temporis,
1917 387 2179 454 tribuni
2213 387 2440 473 plebis
2465 389 2764 457 concilio

574 511 798 600 plebis
824 509 1045 597 ipsius
1076 507 1428 591 designati
1457 504 1575 593 (1),
1603 506 1707 573 ita
1753 505 2038 572 demum
2083 502 2438 589 potuerint
2464 505 2599 571 vim
2617 505 2764 572 tri-

576 630 882 696 bunatus
909 627 1153 692 Romae
1181 642 1535 701 exercere,
1563 623 1652 704 si,
1680 624 2016 706 tanquam
2035 620 2253 704 legati
2281 621 2602 701 tribuum,
2625 637 2764 688 ur-

572 745 760 814 bano
793 726 1252 828 patriciorum⁸
1270 738 1528 827 populo
1557 737 1889 823 perlegis
1920 736 2210 803 curiatae
2234 736 2764 802 declarat-ionem

578 821 1071 927 innotuissent..
1125 857 1344 939 Cujus
1393 851 1890 921 declarationis
1937 850 2429 917 necessitatem
2455 848 2763 943 ‘dempsit

577 977 694 1042 lex
714 974 1011 1042 Publilia
1044 971 1437 1052 Voleronis,
1470 987 1560 1036 ex
1588 985 1727 1053 qua
1761 968 2019 1035 tribuni
2046 967 2299 1052 plebiS,
2326 968 2600 1035 tributis
2627 985 2757 1033 co—

578 1090 790 1158 mitiis
820 1089 1092 1157 lectiae
1144 1085 1497 1162 declarati,
1548 1104 1587 1151 e
1624 1083 1925 1165 vestigio
1965 1084 2161 1166 Justa
2197 1085 2544 1168 potestate
2569 1087 2632 1150 et
2668 1082 2761 1148 ad

576 1205 930 1289 agendum
960 1203 1131 1270 satis
1160 1202 1502 1267 instructa
1525 1197 1805 1285 praediti
1824 1214 1983 1264 esse
2003 1202 2399 1284 coeperunt.
2429 1200 2528 1265 Eo
2552 1215 2757 1264 sensu

572 1320 811 1388 Livius
845 1318 1018 1384 dixit
1052 1322 1199 1384 tum
1222 1317 1531 1402 primum
1582 1314 1859 1381 tributis
1889 1282 2569 1381 comitiis'tribunos
2614 1313 2755 1400 ple-

571 1435 683 1504 bis
719 1452 877 1502 esse
920 1436 1195 1499 creatos
1245 1430 1364 1518 (2).
1420 1431 1562 1498 Nec
1599 1429 1852 1496 deinde
1896 1429 2216 1497 Publiliae
2253 1429 2424 1512 legi,
2485 1430 2750 1514 vigente

574 1550 965 1638 republica,
998 1549 1413 1631 derogatum
1447 1556 1605 1614 esse
1637 1545 2063 1612 invenimus.

661 1667 761 1732 De
796 1665 930 1731 hac
959 1683 1036 1731 re
1065 1668 1143 1730 ut
1177 1667 1451 1731 veteres
1477 1662 1662 1727 inter
1714 1678 1789 1727 se
1817 1677 1959 1726 uno
1995 1676 2118 1726 ore
2149 1661 2615 1739 consentiunt,
2662 1661 2752 1726 ita

574 1780 926 1848 recentior
965 1783 1138 1847 aetas
1172 1780 1244 1846 in
1297 1778 1654 1844 variarum
1693 1767 2098 1860 opinionum
2141 1780 2375 1861 partes
2419 1776 2741 1843 discessit.

575 1897 1024 1975 NiebuhriuS,
1055 1894 1373 1963 doctrina
1396 1910 1711 1959 summus
1743 1891 1955 1957 vir-et
1984 1891 2301 1974 ingenio,
2331 1897 2568 1959 censet
2610 1894 2752 1958 ante

575 2015 808 2095 legem
830 2010 1197 2078 Publiliam
1225 2010 1630 2076 centuriatis
1657 2009 1956 2076 comitiis
1997 2011 2315 2077 tribunos
2363 2010 2581 2096 plebis
2616 2027 2751 2076 esse

576 2131 885 2205 creatOS,
919 2141 1216 2208 quorum
1265 2123 1519 2190 deind-e
1552 2126 1861 2207 potestas
1907 2126 2071 2209 lege
2120 2126 2387 2192 curiata
2421 2112 2626 2193 fuerit
2661 2143 2752 2192 or-

573 2240 808 2308 nanda
835 2237 950 2327 (3).
982 2239 1198 2324 CuJus
1234 2236 1450 2304 moris
1478 2256 1568 2305 ne
1596 2239 1974 2322 vestigium
1997 2240 2275 2326 quidem
2298 2241 2516 2308 ullum
2543 2242 2614 2308 in
2648 2258 2748 2306 ve·

573 2360 800 2424 terum
852 2355 1130 2440 scriptis
1173 2354 1513 2424 invenias.
1571 2355 1769 2421 Hanc
1822 2357 2222 2441 opinionem
2255 2357 2491 2423 multis
2544 2372 2747 2439 argu-

572 2469 825 2537 mentis
858 2468 1108 2537 refellit
1133 2468 1575 2536 doctissimus
1606 2469 2009 2554 Schwegler
2030 2468 2139 2557 (4),
2163 2471 2280 2556 qui
2309 2475 2582 2540 veteres
2604 2489 2753 2557 quo-

566 2599 705 2672 que
751 2584 1013 2652 erroris
1066 2584 1324 2667 arguit,
1377 2588 1447 2650 et
1486 2585 1910 2651 creationem
1961 2586 2399 2653 tribunorum
2453 2588 2663 2672 plebis
2708 2603 2742 2651 a

568 2700 789 2767 curiis
813 2715 1101 2785 prorsus
1124 2696 1497 2782 abjudicat.
1530 2700 1723 2775 Quod
1773 2701 1831 2767 si
1865 2702 2073 2769 nullis
2099 2720 2406 2787 unquam
2441 2704 2590 2770 aliis
2633 2721 2750 2769 co-

514 2879 544 2896 „
577 2814 791 2881 mitiis
827 2797 1034 2899 quain
1068 2813 1373 2896 tributis,
1404 2817 1482 2880 ut
1512 2814 1961 2897 Schweglero
1985 2816 2232 2901 placet,
2256 2816 2520 2883 tribuni
2547 2814 2744 2883 creati

574 2932 766 3012 sunt,
798 2945 1133 3015 quorsum
1161 2929 1379 3012 igitur
1400 2929 1740 3015 spect-avit
1756 2930 1872 2996 lex
1903 2930 2021 2996 illa
2057 2930 2352 2998 Publilia
2374 2918 2510 3017 qua
2538 2931 2621 2997 ad
2642 2948 2747 2996 co-

572 3044 1042 3112 mitiatributa
1067 3043 1300 3110 Livius
1330 3047 1401 3109 et
1428 3044 1801 3129 Dionysius
1830 3045 2298 3113 narraverunt
2325 3047 2743 3114 tribunorum

522 3248 525 3252 Ι
570 3147 992 3227 creationem
1054 3175 1211 3224 esse
1261 3159 1719 3226 translatam?
1772 3162 1952 3228 Dum
2023 3164 2343 3229 veterum
2395 3159 2739 3230 sententiis

567 3273 884 3356 obrogat-
910 3272 1021 3339 vir
1061 3274 1586 3357 sagacissimus,
1624 3276 1755 3343 sibi
1790 3277 1943 3363 ipse
1992 3294 2279 3362 operam
2306 3277 2495 3345 haud
2530 3271 2740 3346 levem

566 3729 575 3738 ἱ
634 3657 696 3733 (1)
725 3666 920 3731 Liviae,
951 3667 1023 3729 11.
1053 3672 1124 3728 56,
1163 3665 1430 3721 Voleronem
1476 3666 1700 3733 amplam
1724 3670 1895 3729 favore
1920 3669 2077 3735 plebS,
2096 3668 2343 3735 proximis
2382 3669 2569 3721 comitis
2597 3667 2751 3721 tribu-

561 3773 678 3808 mom
694 3758 832 3823 plebi
853 3768 982 3811 creat
991 3789 1150 3808 .....
1183 3757 1327 3811 Plebs
1366 3756 1641 3811 Voleronem
1660 3759 1902 3811 tribunum
1927 3759 2102 3817 reficit.

638 3838 706 3911 (2)
732 3844 881 3905 nid„
913 3847 983 3905 11,
1015 3852 1085 3898 58.
1512 3882 1523 3894 .

638 3928 701 3998 (3)
732 3934 974 3993 Niebuhr,
1003 3934 1072 3983 R.
1112 3933 1401 3995 Gesckichte,
1433 3937 1476 3995 Ι,
1510 3941 1607 3987 648.

638 4017 696 4085 (4)
727 4019 1038 4089 Schwegler,
1085 4021 1343 4075 Roemisclw
1387 4012 1657 4076 Gesckiekto
1703 4024 1758 4077 in
1797 4024 2031 4080 Zoitalter
2071 4026 2155 4078 des
2196 4021 2384 4093 Kampe
2423 4023 2509 4077 dev·
2551 4014 2743 4083 Sinde,

569 4112 851 4181 Tubingen‚
886 4120 1007 4176 1856,
1037 4113 1100 4166 B.
1132 4113 1204 4177 II,
1237 4110 1291 4171 S.
1328 4119 1424 4176 543,
1457 4113 1561 4165 und
1587 4112 1645 4163 ff.
