3005 4955
1141 344 1493 410 -75—

212 487 468 570 absque
494 483 638 551 ulla
662 481 1192 563 deliberatione,
1228 501 1373 550 non
1406 481 1944 563 subscribendo,
1975 490 2266 569 possent
2282 502 2409 554 sev—

214 599 739 671 natusoonsulta
766 599 954 684 apud
980 599 1253 683 plebem
1271 598 1476 666 irrita
1506 597 1762 676 tacere,
1794 616 1911 679 an,
1954 599 2302 673 admissos
2336 603 2411 679 in

215 719 504 795 curiam,
548 735 709 785 cum
759 715 1201 782 senatoribus
1245 715 1664 801 disceptare,
1683 718 2106 787 sententiam
2150 718 2408 802 dioere,

213 836 281 899 et
298 833 388 899 de
419 830 765 901 sententia
795 829 1166 915 aliquando
1186 829 1587 897 demoveri?
1615 810 1765 898 Hoc
1790 832 1921 899 fnit
1946 833 2175 923 nangis
2199 852 2412 919 quam

216 947 379 1015 illud
424 950 501 1014 et
544 965 787 1027 ,rerum
840 945 1430 1014 administrationi
1479 946 1923 1014 commodum
1987 951 2055 1015 et
2125 952 2412 1021 senatus

216 1063 558 1158 majestati
590 1065 948 1135 decorum.
981 1064 1131 1130 Hoc
1164 1063 1457 1131 effecere
1502 1064 1702 1147 leges
1733 1064 2047 1133 Horatius
2091 1069 2162 1134 et
2190 1066 2411 1135 Vale·-

217 1200 368 1250 nae.

296 1297 466 1363 Post
490 1293 938 1368 Decemviros
963 1292 1173 1373 euim,
1197 1292 1518 1360 videmus
1540 1293 1859 1361 tribunos
1882 1294 2104 1380 plebis
2126 1298 2411 1367 senatus

220 1412 840 1482 consultationibus
893 1412 1237 1481 interesse
1306 1412 1549 1479 solitos
1614 1410 1732 1501 (1).
1785 1414 1933 1480 Hoc
1993 1414 2267 1482 facilius
2327 1416 2417 1481 ad

219 1525 634 1594 sententiam
653 1524 1105 1610 patriciorum
1124 1543 1314 1597 noun
1322 1525 1442 1591 ulli
1467 1545 1557 1593 ex
1575 1525 1678 1591 eis
1702 1526 1989 1611 perduci
2008 1529 2413 1611 potuerunt,

218 1644 290 1706 ut
315 1639 595 1721 legibus
620 1637 927 1721 agrariis
953 1638 1467 1704 intercederent
1489 1635 1609 1723 (2).
1637 1638 1932 1704 Senatus
1959 1639 2416 1722 praesentium
2547 1664 2556 1672 ·

220 1756 655 1825 tribunorum
703 1754 1041 1820 auxilium
1084 1753 1402 1840 poposcit
1445 1756 1524 1819 ut
1584 1751 1717 1819 sibi
1767 1770 2017 1834 parere
2080 1753 2405 1821 consules

220 1875 559 1954 cogerent
589 1870 681 1957 (3)
717 1870 1028 1937 ‚Tribuni
1066 1869 1438 1954 aliquando
1480 1869 2006 1936 intercessionis
2051 1889 2256 1955 opem
2283 1888 2407 1939 se-

223 1987 605 2066 natoribuS,
657 1990 777 2052 aut
817 1987 1211 2071 petentibus
1261 1982 1703 2067 denegavere
1751 1983 1870 2072 (4),
1906 1989 2027 2051 aut
2083 1985 2397 2054 obtulere

220 2101 702 2172 recusantibus
730 2100 849 2187 (5).
878 2103 959 2166 In
987 2087 1393 2181 redigendis
1428 2100 2052 2168 senatusconsultis
2081 2101 2214 2169 boc
2235 2118 2406 2185 quo·-

220 2236 347 2301 que
394 2216 775 2285 lucrifecit
805 2214 1313 2300 amplissimum
1340 2215 1744 2300 reipublicae
1780 2215 2172 2294 consilium,
2216 2217 2402 2301 quod

217 2335 418 2401 antea
479 2350 608 2417 pro
668 2331 884 2403 irritis
948 2331 1387 2398 habebantur
1449 2347 1536 2396 ea
1608 2330 1859 2414 quibus
1922 2330 2183 2399 tribuni
2232 2344 2413 2415 ,ηομ

218 2448 825 2534 subscripsissent,
872 2448 1066 2514 ‘nunc
1124 2432 1319 2514 vero*
1347 2464 1455 2526 ea,
1494 2446 1745 2531 quibus
1806 2447 2157 2529 absentes,
2200 2461 2413 2532 quum

222 2566 468 2632 adesse
494 2567 806 2649 possent,
827 2583 971 2630 non
998 2563 1585 2637 intercessissent,
1608 2567 1759 2629 rata
1778 2563 1974 2630 suere
1990 2562 2106 2651 (6).
2129 2565 2230 2630 Ea
2251 2579 2417 2631 vero

221 2699 396 2765 quae,
448 2683 737 2766 propter
766 2679 1370 2758 intercessionem,
1428 2696 1573 2745 non
1616 2680 1882 2763 Justam
1911 2679 2054 2746 vim
2084 2682 2436 2758 senatus--⁴

219 2795 695 2861 consultorum
741 2793 1170 2873 obtinebant,
1206 2797 1535 2877 tanquam
1571 2793 2020 2860 auctoritates
2079 2775 2421 2878 perscribi

218 2912 449 2977 tamen
510 2913 831 2995 poterant
882 2908 996 2996 (7).
1056 2911 1281 2987 Quum
1331 2927 1504 2974 vero
1550 2907 1989 2974 tribunorum
2044 2907 2420 2991 plurimum

217 3024 612 3103 interesset,
648 3025 725 3090 ut
761 3024 1025 3090 scirent
1058 3042 1216 3107 quae
1249 3039 1413 3090 vera
1445 3026 1515 3088 et
1550 3023 1701 3088 sine
1730 3021 2233 3088 intercessione
2249 3039 2423 3104 per-

220 3138 399 3206 fecta
430 3141 672 3207 essent
705 3138 1336 3218 senatusconsulta,
1372 3157 1485 3217 ne,
1524 3139 1603 3204 ut
1641 3139 1868 3216 antea,
1922 3135 2213 3203 arbitrio
2245 3154 2416 3205 con·

222 3255 451 3324 sulum
483 3253 1085 3341 supprimerentur
1118 3258 1238 3321 aut
1271 3253 1712 3337 vitiarentur,
1747 3251 2078 3322 Horatius
2118 3254 2188 3320 et
2223 3253 2424 3322 Vale-

296 3658 368 3732 (ι)
398 3645 599 3724 Livius,
631 3664 724 3727 111,
750 3669 822 3725 σο,
852 3651 949 3725 iv,
980 3672 1024 3715 ι.

300 3749 369 3821 (2)
399 3754 601 3811 LiviuS‚
634 3752 731 3812 IV,
764 3758 834 3813 48,
869 3758 939 3804 49.

305 3834 375 3903 (3)
407 3839 605 3899 Livium
635 3839 732 3899 IV,
765 3846 837 3890 26.

299 3918 373 3992 (⁴)
404 3927 605 3986 Livius,
640 3926 735 3986 lv,
767 3931 838 3987 56,
874 3933 944 3978 57.

298 4008 365 4080 (5)
400 4015 597 4075 Livius,
624 4014 688 4076 V,
716 4020 761 4067 9.

300 4095 361 4168 (6)
396 4103 598 4161 Livius,
628 4102 722 4162 lv,
754 4108 826 4154 36.

302 4185 363 4254 (7)
393 4189 497 4242 Dio
526 4187 758 4253 Cassius,
785 4191 901 4255 LV,
929 4198 975 4244 3.
