3005 4955
1588 416 1678 431 ...
1723 381 1812 448 32
1857 415 1944 431 .-

568 583 607 595 2
660 508 981 593 tribunus
1027 526 1269 612 plebiS,
1304 512 1741 608 rogationem
1773 524 1862 590 ad
1898 523 2166 608 plebem
2199 524 2530 591 ferretne
2551 525 2859 608 vectiga-

661 640 857 722 lium,
885 661 1040 726 quae
1072 660 1395 709 censores
1428 642 1797 719 locassent,
1833 644 1983 706 rata
2009 639 2263 706 locatio
2293 643 2495 720 esset,
2532 641 2860 709 Claudius

661 776 911 823 censor
953 759 1040 823 ad
1071 758 1625 823 dissuadendum
1673 756 2031 841 processit.
2081 757 2306 831 Quum
2337 755 2398 820 ei
2428 755 2855 841 obstrepere-

662 875 798 950 tur,
848 871 1269 938 audientiam
1317 872 1548 938 facere
1598 889 1996 956 praeconem
2037 869 2362 936 Claudius
2406 871 2645 953 jussit,
2675 869 2853 954 quod

662 992 903 1053 contra
926 989 1042 1070 jus
1068 1006 1149 1053 ac
1172 989 1278 1053 fas
1300 988 1447 1052 suit.
1469 988 1670 1076 Nam,
1691 987 1764 1052 in
1788 984 2078 1051 concilio
2099 985 2343 1071 plebiS‚
2368 984 2854 1067 magistratum

663 1083 1050 1188 praesertim
1097 1090 1488 1188 patricium,
1535 1088 2085 1188 quidquam‘pro
2120 1100 2408 1187 imperio
2453 1102 2709 1184 jubere
2756 1118 2855 1166 sa-

665 1223 879 1284 cratae
926 1219 1119 1301 leges
1164 1220 1248 1284 de
1293 1214 1731 1284 interfatione
1769 1219 1928 1284 latae
1959 1219 2307 1285 vetabant.
2361 1218 2459 1287 Eo
2498 1216 2711 1296 fact0,
2742 1217 2857 1283 tri-

666 1335 892 1401 bunus
924 1334 1142 1419 plebis
1187 1334 1485 1401 Rutilius
1514 1337 1875 1425 avocatam
1938 1352 1979 1399 a
2019 1352 2093 1400 se
2121 1333 2527 1400 concionem
2575 1338 2857 1426 questus

668 1454 771 1517 est
799 1455 866 1516 et
899 1451 1075 1516 sein
1106 1450 1418 1517 ordinem
1453 1455 1791 1518 coactum.
1847 1453 1950 1517 Ex
1979 1450 2335 1536 Capitolio,
2361 1451 2484 1517 'ubi
2516 1432 2855 1517 erat'con-

668 1566 927 1643 cilium,
962 1565 1150 1632 abiit.
1187 1565 1446 1631 Deinde
1478 1568 1552 1632 C.
1588 1567 1875 1632 Claudio
1921 1567 2101 1631 diem
2130 1566 2328 1646 dixit,
2351 1566 2546 1650 ‚quod
2578 1567 2855 1633 concio-

669 1698 827 1744 nem
885 1697 926 1743 a
977 1697 1050 1744 se
1114 1682 1497 1758 avocasset,
1570 1679 1769 1764 eique
1852 1679 2390 1764 perduellionem
2442 1697 2517 1744 se
2533 1660 2856 1762 'Judicare

667 1795 1163 1880 pronuntiavit,
1202 1795 1518 1879 diemque
1548 1795 1843 1862 comitiis
1877 1813 1918 1860 a
1961 1796 2036 1861 C.
2077 1772 2376 1879 Sulpicio
2405 1798 2710 1880 praetore
2749 1814 2856 1860 ur-

668 1910 850 1977 bano
880 1911 1094 1995 petiit.
1134 1911 1225 1976 Iis
1264 1915 1423 1976 ante
1453 1911 1635 1977 diem
1666 1911 2007 1977 decimum
2036 1914 2104 1976 et
2131 1909 2494 1995 septimum
2525 1909 2857 1995 kalendas

670 2018 1006 2091 octobres
1051 2025 1350 2091 comitiis
1415 2026 1905 2110 perduellionis
1966 2028 2364 2094 centuriatis
2435 2029 2582 2095 dies
2651 2031 2850 2095 dicta.

673 2139 870 2214 Quod
916 2139 973 2203 si
1005 2138 1332 2205 Claudius
1360 2158 1400 2205 a
1436 2142 1765 2207 centuriis
1809 2143 2174 2208 damnatus
2213 2143 2476 2223 suisset,
2513 2163 2601 2211 ex
2619 2163 2856 2213 narra-

671 2253 857 2322 tione
906 2254 1080 2320 Livii
1104 2252 1274 2339 ‘ipsa
1321 2259 1608 2340 apparet
1647 2275 1924 2341 poenam
1961 2260 2264 2325 damnati
2302 2260 2606 2327 futuram
2647 2244 2860 2329 fuisse

671 2371 989 2437 exsilium
1018 2368 1131 2458 (1).

763 2465 1237 2555 perduellibus
1302 2507 1475 2570 ergo
1534 2489 1605 2554 hi
1653 2468 1846 2556 fuere
1884 2509 2251 2575 poenarum
2299 2493 2563 2575 gradus
2597 2512 2861 2580 semper

674 2603 1174 2669 decrescentes
1237 2604 1570 2688 Tempore
1618 2604 1782 2671 novi
1816 2606 2042 2673 adhuc
2077 2626 2159 2673 ac
2203 2609 2398 2674 crudi
2450 2609 2857 2686 tribunatus,

674 2720 758 2784 de
813 2717 1305 2803 perduellibUS,
1355 2721 1682 2803 tanquam
1732 2722 1818 2786 de
1859 2722 2171 2789 hostibus
2206 2724 2559 2807 judicatis,
2612 2725 2864 2792 indicta

620 2869 624 2873 Δ
676 2853 908 2913 causa,
928 2835 1184 2901 tribuni
1206 2836 1425 2921 plebis
1446 2837 1853 2922 supplicium
1878 2841 2261 2906 sumebant.
2289 2843 2474 2921 Mox,
2502 2846 2662 2928 post
2679 2819 2865 2926 leges

673 2951 939 3019 Horatii
1002 2970 1088 3017 ex
1148 2935 1407 3019 Valerii
1467 2954 1828 3021 consulum
1873 2954 1959 3021 de
2023 2946 2540 3038 provocatione,
2590 2955 2864 3024 nonnisi

674 3067 981 3134 damnati
1062 3068 1363 3133 maximo
1460 3070 1928 3135 centuriarum
2003 3071 2351 3138 comitiatu
2409 3072 2498 3137 ad
2578 3079 2865 3140 mortem

674 3181 1067 3267 praecipites
1119 3183 1531 3264 agebantur.
1563 3185 1846 3264 Deinde,
1878 3184 2112 3267 legum
2145 3186 2411 3253 saevitia
2445 3169 2861 3268 mitescente,

676 3298 1148 3366 desertoribus
1185 3298 1377 3383 ipsis,
1417 3298 1531 3383 qui
1570 3304 1798 3365 essent
1835 3300 2168 3366 teterrimi
2205 3302 2685 3385 perduellium,
2727 3322 2863 3370 non

673 3415 824 3505 jam
869 3432 1085 3498 morS,
1133 3431 1276 3480 non
1313 3413 1630 3480 ultimum
1665 3414 1739 3479 in
1777 3432 1982 3481 cruce
2033 3414 2445 3501 supplicium
2492 3436 2534 3482 a
2574 3418 2864 3485 tribunis

678 3529 900 3614 plebis
943 3529 1479 3612 injungebatur3
1541 3529 1663 3594 sed
1717 3529 2059 3597 verberati
2108 3531 2235 3597 sub
2284 3530 2504 3612 furca,
2541 3535 2863 3618 tanquam

683 3645 865 3713 servi
914 3663 1168 3711 venum
1196 3643 1411 3722 ibant,
1469 3643 1539 3709 id
1571 3647 1680 3736 est
1718 3643 2021 3710 maxima
2077 3664 2204 3730 pro
2262 3649 2572 3732 tempore
2614 3647 2868 3715 afficie-

751 4072 815 4145 (1)
854 4079 1050 4141 LiviuS,
1081 4080 1279 4142 XLIII,
1311 4088 1379 4133 16.
1412 4083 1531 4134 Val.
1576 4040 1849 4144 Maximus»,
1881 4083 1978 4144 IX,
2013 4089 2056 4145 5,
2086 4082 2145 4136 n⁰
2184 4091 2229 4135 2.
2274 4086 2459 4137 Narrat
2497 4086 2559 4140 L.
2591 4086 2875 4156 Philippum

677 4169 934 4219 consulem
973 4168 1034 4219 ob
1064 4171 1419 4243 interfationem
1459 4173 1647 4224 tribuni
1674 4173 1830 4225 Drusi
1856 4176 2193 4226 concionantis
2221 4173 2411 4227 obtorta
2435 4176 2559 4243 gula
2580 4176 2876 4243 prehensum

680 4265 733 4308 et
761 4260 814 4309 in
845 4274 1088 4311 carcerem
1115 4265 1388 4326 conjectum
1417 4276 1550 4314 esso.
1948 4273 1954 4279 ·
