3005 4955
1593 366 1948 433 ...33-

667 536 795 605 pro
838 512 1136 599 collegio
1166 509 1714 599 pronuntiavere
1775 523 1793 574 2
1851 532 1883 569 κ
1924 507 2203 626 placere
2231 508 2560 578 consules
2596 512 2890 581 senatui

673 661 701 695 ι
756 633 937 701 dicto
987 630 1346 699 audientes
1388 642 1594 696 esse:
1643 627 1704 694 si
1739 626 2081 692 adversus
2113 642 2538 693 consensum
2575 629 2894 714 amplis·-

668 776 699 813 »
751 751 907 818 simi
936 748 1202 816 ordinis
1244 746 1430 813 ultra
1464 744 1857 824 tenderent,
1886 760 1962 809 se
1986 741 2203 809 cosin
2228 742 2507 809 vincula
2536 743 2710 811 duci
2732 745 2889 829 jus-

667 892 698 929 »
750 883 979 933 suros.
1017 889 1048 924 »
1078 862 1345 942 LiviuS,
1392 860 1705 946 patriciae
1752 856 2111 941 dignitatis
2138 861 2474 938 assertor,
2506 878 2672 926 cum
2712 880 2888 928 eon-

659 981 931 1050 sulibus
975 979 1147 1065 ipsis
1191 977 1389 1064 queri
1424 976 1702 1043 videtur
1738 974 2090 1060 proditum
2133 991 2177 1039 a
2226 973 2555 1042 Patribus
2608 978 2882 1043 summi

630 1072 933 1181 ⁸imperii
979 1097 1125 1180 juS,
1180 1087 1554 1176 datumque
1608 1090 1737 1157 sub
1771 1091 2038 1173 -jugum
2093 1088 2488 1173 tribuniciae
2536 1092 2887 1176 potestati

661 1211 1120 1279 consulatum.
1176 1210 1308 1276 Sed
1365 1209 1483 1293 qui
1534 1206 1978 1275 senatoribus
2020 1205 2089 1271 id
2136 1205 2210 1272 in
2258 1209 2561 1275 mentem
2616 1209 2880 1275 venire

660 1327 907 1413 potuit,
957 1330 1035 1393 ut
1099 1324 1538 1393 tribunorum
1585 1323 1659 1390 vi
1694 1326 1939 1390 contra
1983 1322 2346 1389 consulum
2407 1320 2883 1407 pertinaciam

660 1432 1048 1521 uterentur,
1079 1443 1216 1509 nisi
1246 1444 1396 1527 jam
1427 1444 1632 1509 antea
1649 1445 1775 1527 ,ius
1799 1443 2164 1510 coercendi
2202 1442 2527 1521 consules
2555 1441 2880 1510 tribuni-

662 1560 771 1627 cia
797 1562 1138 1646 potestate
1179 1557 1520 1626 contineri
1560 1559 1790 1626 visum
1818 1559 2064 1626 fuisset
2089 1559 2116 1624 ἓ
2142 1560 2284 1627 Nec
2313 1558 2528 1626 semel
2584 1558 2662 1624 id
2719 1558 2886 1625 fac-

671 1681 816 1745 tum
852 1690 1100 1762 :quum
1134 1675 1322 1742 enim
1356 1675 1605 1742 consul
1634 1676 1891 1742 Fabius
1923 1675 2133 1762 (anno
2162 1677 2295 1743 308
2335 1696 2399 1742 a.
2436 1675 2630 1762 Chr.)
2667 1677 2748 1742 in
2792 1694 2882 1742 eo

660 1797 847 1861 esset
884 1796 960 1859 ut
1023 1791 1391 1859 Ciminiam
1434 1791 1740 1875 Sylviam
1792 1795 1996 1857 antea
2042 1791 2380 1860 Romanis
2447 1792 2874 1876 imperviam

658 1909 979 1990 intraret,
1021 1907 1220 1975 missi
1270 1910 1432 1974 sunt
1487 1907 1576 1972 ad
1625 1926 1785 1972 eum
1831 1907 2132 1992 quinque
2161 1907 2374 1989 legati
2407 1925 2568 1975 cum
2587 1907 2872 1976 duobus

659 2023 960 2089 tribunis
989 2022 1234 2106 plebiS,
1269 2021 1385 2105 qui
1415 2021 1479 2087 ei
1515 2021 2007 2088 denuntiarent
2040 2041 2129 2088 ne
2156 2022 2356 2087 ultra
2385 2023 2878 2106 progredere⁴

666 2140 803 2203 tur.
841 2135 1215 2203 Consulem
1245 2136 1469 2201 serius
1502 2154 1895 2203 convenere
1923 2137 2137 2219 legati
2191 2155 2398 2221 quam
2460 2142 2538 2203 ut
2585 2143 2884 2223 possent

666 2273 708 2321 a
736 2254 853 2322 via
887 2252 1268 2320 retrahere.
1307 2251 1440 2318 Sed
1474 2251 1577 2318 eis
1632 2252 1790 2318 ideo
1841 2253 2212 2338 adjunctos
2268 2253 2487 2320 fuisse
2542 2255 2874 2322 tribunos

666 2372 919 2458 plebiS,
957 2374 1037 2437 ut
1090 2368 1330 2451 Fabio,
1369 2369 1430 2436 si
1464 2371 1736 2436 senatui
1766 2388 2015 2455 parere
2047 2370 2409 2453 noluisset,
2466 2389 2724 2439 manus
2769 2373 2880 2438 in-

657 2488 1000 2573 Jiceretur
1048 2484 1165 2572 (1),
1237 2504 1325 2551 ex
1383 2487 1725 2572 Scipionis
1790 2489 1998 2555 simili
2078 2490 2424 2575 exemplo
2479 2489 2868 2572 colligitur.

558 2639 561 2644 >
668 2603 897 2682 Quum
927 2605 1112 2672 enim
1150 2606 1375 2692 Scipio
1401 2606 1806 2692 proconsul,
1824 2608 2121 2691 jamjam
2149 2607 2224 2673 in
2252 2607 2560 2673 Africam
2601 2610 2877 2692 trajec-

669 2725 898 2819 turuS,
951 2722 1335 2789 exercitum
1389 2721 1668 2789 licentia
1719 2722 2119 2807 corrupisse
2178 2722 2549 2803 diceretur,
2606 2723 2876 2789 missus

672 2842 782 2905 est
810 2857 851 2905 a
882 2843 1130 2906 senatu
1161 2842 1255 2908 M,—
1287 2839 1703 2925 Pomponius
1735 2838 1984 2905 Siciliae
2015 2842 2277 2923 praetor
2311 2858 2470 2905 cum
2500 2839 2749 2905 decem
2773 2839 2872 2906 le-

665 2955 854 3038 gatis
887 2956 1005 3042 qui
1039 2956 1634 3042 resinspicerent,
1705 2956 1850 3021 Hos
1904 2955 2222 3022 comitari
2275 2955 2464 3040 jussi
2510 2957 2673 3021 sunt
2725 2956 2870 3021 duo

582 3107 588 3112 ·
670 3066 932 3137 tribuni
960 3070 1208 3154 plebis,
1235 3070 1458 3155 iisque
1485 3070 1712 3138 aedilis
1742 3070 1972 3147 datus,
2014 3089 2056 3137 a
2094 3089 2251 3155 quc,
2282 3069 2369 3151 si,
2416 3073 2536 3136 aut
2583 3069 2668 3135 in·
2693 3069 2883 3136 Sici-

665 3186 761 3254 lia
785 3185 1075 3272 praetori
1120 3184 1303 3251 dicto
1357 3185 1647 3253 audiens
1699 3205 1844 3254 non
1880 3189 2066 3253 esset
2123 3185 2378 3271 Scipio,
2434 3190 2552 3252 aut
2598 3186 2760 3270 jam
2802 3186 2876 3252 in

665 3300 968 3388 Africam
990 3300 1410 3383 trajecisset,
1440 3303 1689 3386 prendi
1707 3302 2198 3388 proconsulem
2228 3302 2485 3369 tribuni
2508 3301 2880 3387 Juberent,

665 3434 872 3500 quem
886 3417 1051 3501 jure
1080 3421 1547 3486 sacrosanctae
1583 3420 1943 3505 potestatis
1970 3419 2385 3487 reducerent
2414 3417 2534 3507 (2).

755 3533 1108 3603 Hactenus
1164 3536 1285 3619 jus
1351 3536 1848 3621 prehensionis
1895 3536 2333 3604 tribunorum
2388 3536 2464 3604 in
2490 3537 2877 3617 ,consulem

602 3666 606 3670 ’
665 3645 1076 3721 auctoritate
1111 3654 1397 3720 senatus
1429 3654 1986 3739 comprobatum,
2036 3655 2159 3720 sed
2213 3671 2357 3720 non
2398 3652 2581 3720 ultra
2632 3652 2878 3719 minas

673 3767 980 3835 carceris
1010 3771 1421 3855 provectum
1469 3768 1799 3838 vidimus,
1831 3764 1919 3859 (3)
1973 3763 2135 3837 Mox
2181 3772 2414 3855 reipsa
2469 3769 2559 3836 ad
2605 3786 2877 3854 corpus

691 3909 2880 3942 mmm-...amm

734 3976 799 4046 (1)
826 3982 1023 4044 Livius,
1056 3984 1157 4046 IX,
1186 3991 1256 4048 35,
1288 3988 1326 4038 f.

690 4128 697 4136 „
720 4063 796 4135 (2)
826 4071 1021 4134 LiviuS,
1051 4074 1260 4135 XXIX,
1288 4082 1360 4138 20,
1392 4077 1430 4128 f.

733 4154 794 4225 (³)
837 4162 1032 4225 Livius,
1083 4164 1153 4225 V·
1196 4169 1222 4217 9
1265 4184 1277 4215 ²
1335 4153 1546 4219 Tribuni
1575 4167 1709 4234 plebs
1748 4182 1981 4231 carcerom
2020 4165 2233 4232 tribunis
2274 4166 2461 4242 quoqu
2504 4163 2736 4222 'm
2773 4165 2878 4220 aaa

663 4260 864 4305 namur.
