3005 4955
1557 276 1912 343 ..90-

629 425 815 513 quod
842 424 1044 493 nefas
1074 427 1261 490 esset
1292 421 1624 508 patricios
1655 415 1848 488 hunc
1870 417 2368 502 magistratum
2398 436 2680 502 gerere,
2715 420 2851 487 sed

588 542 1067 611 ‘tribuniciam
1114 543 1526 625 potestatem
1569 555 1610 603 a
1660 539 1909 603 senatu
1955 535 2416 620 accipiebant,
2457 553 2586 620 per
2623 553 2845 620 quam

625 658 944 725 inviolati
973 660 1210 724 essent
1249 659 1318 733 et
1358 651 1815 730 sacrosancti,
1850 670 1975 735 per
2018 668 2226 735 quam
2267 650 2509 716 omnia
2545 655 2846 736 possent

628 780 749 842 aut
771 775 1020 859 jubere
1068 777 1187 840 aut
1226 776 1466 839 vetare
1496 768 1613 856 (1).
1652 768 1928 835 Primus
1972 768 2338 849 Augustus
2384 767 2842 834 undecimum

627 891 898 971 consul,
933 909 998 956 a.
1032 891 1120 956 23
1150 907 1212 955 a.
1251 888 1450 964 Chr.,
1483 884 1928 952 tribuniciam
1966 885 2382 967 potestatem
2417 887 2837 968 perpetuam

628 1006 890 1091 recepit
919 1004 1037 1092 (2).
1089 1006 1250 1088 Ipse
1288 1003 1361 1068 in
1391 1003 1805 1068 testamento
1845 998 2227 1084 scripserat
2279 998 2413 1089 sibi
2460 998 2618 1082 lege
2671 1017 2840 1067 esse

631 1140 1046 1191 concessum
1075 1124 1153 1187 ut
1179 1122 1364 1186 esset
1401 1120 1894 1184 sacrosanctus
1928 1119 1997 1182 et
2040 1114 2489 1182 tribuniciam
2527 1120 2843 1199 potesta-

620 1245 768 1304 ·tem
811 1239 1142 1321 perpetuo
1189 1234 1534 1301 obtineret
1583 1230 1698 1318 (3).
1734 1230 2145 1315 Agrippam,
2180 1230 2431 1296 deinde
2480 1230 2847 1309 Tiberium

629 1356 699 1419 et
724 1351 999 1435 imperii
1032 1337 1342 1431 collegas
1379 1352 1450 1414 et
1478 1350 1842 1414 consortes
1875 1345 2269 1412 tribuniciae
2308 1346 2674 1431 potestatis
2712 1365 2846 1412 as·-

524 1509 534 1517 -
631 1467 929 1551 sumpsit
967 1484 1092 1549 per
1139 1463 1746 1530 senatusconsulta
1797 1462 1911 1542 (4).
1957 1461 2308 1538 Tiberius,
2349 1463 2546 1529 initio
2590 1462 2864 1562 regni,

631 1584 929 1650 edictum
966 1598 1101 1666 quo
1135 1582 1378 1646 Patres
1408 1579 1482 1645 in
1512 1570 1778 1645 curiam
1798 1580 2094 1646 vocabat
2124 1581 2402 1647 nonnisi
2436 1583 2843 1652 tribuniciae

633 1697 991 1784 potestatis
1021 1696 1557 1783 praescriptione
1590 1694 1819 1779 posuit
1847 1695 1978 1762 sub
2007 1689 2328 1778 Aug-usto
2366 1704 2675 1783 acceptae
2717 1678 2835 1788 (5).

633 1815 950 1882 Tiberius
974 1813 1328 1880 interdum
1356 1811 1505 1893 egit
1522 1810 1683 1893 jure
1702 1811 2095 1878 tribuniciae
2121 1815 2487 1898 potestatis
2516 1822 2841 1894 senatus·

633 1908 970 1998 consultis
998 1928 1494 1997 intercedendo
1530 1925 1642 2013 (6).
1676 1926 1806 1993 Sed
1837 1926 2019 2011 quod
2054 1928 2392 2016 Princeps
2420 1934 2570 1997 erat
2596 1949 2842 1998 sacro-

633 2050 941 2124 sanctus,
983 2045 1097 2110 lex
1142 2043 1525 2127 majestatis
1587 2041 1715 2109 sub
1777 2041 2050 2109 Tiberio
2102 2046 2203 2110 tot
2263 2045 2499 2112 clades
2564 2046 2841 2114 civitati

633 2160 889 2238 intulit,
927 2164 995 2225 et
1023 2163 1124 2224 tot
1158 2177 1316 2224 reos
1348 2149 1436 2224 ad
1471 2178 1715 2244 rupem
1751 2160 2112 2245 Tarpeiam
2139 2162 2473 2246 compulit
2501 2161 2619 2249 (7).

724 2276 886 2341 Mox
918 2271 989 2340 id
1034 2274 1107 2339 in
1146 2292 1352 2340 usum
1391 2275 1626 2352 vertit,
1661 2283 1759 2353 ut,
1800 2293 2004 2359 quem
2052 2275 2385 2360 Princeps
2436 2277 2842 2346 tribuniciae

643 2391 1005 2476 potestatis
1052 2390 1334 2457 fecisset
1378 2391 1811 2476 participem,
1852 2392 1915 2458 is
1956 2392 2313 2474 dignitatis
2359 2394 2842 2480 imperatoriae

637 2505 868 2572 socius
894 2509 964 2571 et
999 2506 1227 2571 haeres
1261 2506 1463 2573 soret.
1497 2509 1737 2591 Itaque
1780 2509 2119 2591 Trajanus
2153 2526 2194 2574 a
2230 2510 2460 2576 Nerva
2510 2511 2727 2579 simul
2771 2518 2844 2581 et
2873 2585 2878 2589 ,

635 2622 818 2688 filius
861 2619 1227 2706 adoptatus
1260 2626 1368 2687 est
1401 2625 1469 2687 et
1501 2624 1741 2689 Caesar
1772 2624 2204 2707 designatuS‚
2239 2646 2400 2694 mox
2428 2636 2841 2716 assumptus

637 2743 743 2803 est
775 2739 1158 2821 Imperator
1201 2741 1270 2803 et
1309 2755 1603 2805 consors
1642 2738 2032 2807 tribuniciae
2077 2719 2443 2826 potestatis
2487 2741 2598 2831 (8).
2640 2746 2841 2813 Idem
2937 2825 2938 2828 Ἴ

638 2851 802 2918 fecit
847 2850 1190 2919 Adrianus
1229 2852 1302 2920 in
1332 2854 1725 2939 adoptando
1761 2856 2110 2923 Antonino
2143 2856 2252 2944 (9).
2291 2858 2706 2944 Spartianus
2763 2864 2839 2931 in
2927 2871 2938 2950 ,i

635 2961 950 3035 Adriano
994 2967 1434 3041 tribuniciam
1467 2975 1876 3055 potestatem
1916 2978 2319 3058 perpetuam
2354 2975 2556 3074 plane
2599 2977 2840 3065 impe-
2925 2999 2930 3064 ;

708 3312 776 3379 (1)
805 3316 874 3368 D.
908 3316 1136 3378 CassiuS,
1169 3317 1306 3379 LIII,
1339 3325 1409 3368 17.
1642 3370 1649 3375 ,
2925 3361 2930 3382 ,

712 3399 774 3469 (2)
806 3404 1093 3466 Suetonius,
1146 3404 1253 3457 Oct.
1297 3404 1461 3473 Δίῳ..
1501 3410 1575 3456 27.
1621 3406 1691 3459 D.
1722 3406 1949 3469 Cassius,
1982 3409 2122 3471 LIII,
2174 3416 2244 3464 32.
2300 3412 2438 3476 Pac„
2472 3412 2632 3479 dnm,
2688 3421 2734 3481 Ι,
2769 3425 2843 3494 9.ἶ
2927 3409 2932 3446 ⁴

642 3494 740 3559 111,
773 3500 844 3561 5⁶,

712 3579 779 3656 (3)
818 3580 1012 3639 Tabula
1037 3603 1165 3638 mon.
1197 3584 1406 3652 Ant-yn,
1438 3602 1466 3635 a
1495 3584 1562 3638 G.
1596 3585 1766 3636 Perrot
1793 3589 1846 3636 in
1875 3578 2121 3639 Gallicam
2149 3591 2374 3657 linguam
2401 3595 2675 3659 translatae,
2709 3599 2785 3651 X.

716 3668 775 3744 (⁴)
805 3677 1027 3737 TacituS,
1056 3673 1287 3736 Annales,
1320 3676 1365 3735 1,
1395 3682 1440 3735 2,
1471 3680 1497 3725 3
1528 3683 1577 3725 et
1605 3679 1677 3725 10.

709 3758 784 3830 (5)
815 3761 969 3824 Ibid„
1000 3764 1045 3823 1,
1078 3768 1122 3815 ⁷.

716 3847 779 3918 (6)
809 3846 962 3913 Ibid„
995 3853 1092 3912 IV,
1124 3857 1196 3903 30.

712 3936 776 4011 (7)
807 3943 876 3993 D.
909 3940 1138 4002 Cassius»,
1170 3942 1361 4004 LVIII,
1396 3948 1463 3992 15.

713 4029 787 4103 (8)
817 4034 1027 4093 Phaine,
1058 4032 1269 4101 Paneq„
1300 4038 1344 4084 8.

714 4119 774 4194 (9)
805 4122 1135 4191 CapitolinuS,
1167 4124 1221 4175 in
1247 4121 1512 4185 Antonino,
1544 4123 1623 4174 ed.
1658 4112 1879 4186 Parisiis]
1910 4131 2031 4188 1620,
2062 4145 2117 4198 p.
2148 4101 2216 4181 ts.
