3005 4955
1043 397 1131 412 ....
1174 363 1265 430 25
1311 399 1402 414 ...
1813 337 1853 365 “

117 507 351 576 cuniae
386 524 548 573 cum
582 504 957 590 plebiscitis
994 509 1060 573 et
1110 511 1389 573 senatus
1435 508 1770 576 consultis
1811 510 1962 578 aede
2006 511 2157 596 ipsa
2210 529 2318 578 as-

120 624 612 702 servabantur,
649 624 832 706 quod
872 622 1001 687 fuit
1026 622 1246 708 plebis
1268 624 1687 690 tabularium
1721 624 1837 712 (1).

182 742 384 823 Ejus
413 740 529 825 qui
588 743 930 805 sacratam
974 739 1204 821 legem
1253 740 1581 807 violasset
1628 745 1703 808 ut
1732 744 1939 827 caput
1998 742 2098 809 ita
2138 698 2324 809 bona

122 856 580 924 consecrandi
608 857 728 939 jus
757 855 874 921 diu
890 874 1108 940 penes
1136 856 1450 923 tribunos
1485 855 1705 941 plebis
1733 857 1883 923 fuit.
1926 858 2101 923 Nam
2132 858 2325 925 vide-

123 989 305 1050 muS‚
369 969 628 1037 Marcio
688 969 1003 1056 Philippo
1082 969 1371 1036 Servilio
1439 971 1764 1057 Caepione
1821 973 2246 1052 consulibus,
2287 992 2329 1038 a

125 1086 389 1154 Rutilio
407 1088 697 1154 tribuno.
723 1085 942 1172 plebis
996 1085 1095 1152 Ti.
1153 1087 1447 1154 Gracchi
1490 1088 1674 1154 bona
1722 1107 1874 1155 esse
1926 1093 2330 1156 consecrata

125 1203 316 1289 quod
365 1203 690 1269 mulctam
734 1203 1007 1288 privato
1060 1202 1345 1270 dixisset
1398 1203 1752 1291 tribunum
1800 1205 2201 1291 appellanti,
2257 1210 2329 1272 et

125 1319 609 1387 intercessioni
665 1337 807 1385 non
860 1320 1167 1403 parendo
1219 1319 1573 1385 tribunum
1620 1319 1840 1402 plebis
1898 1320 1972 1385 in
2007 1320 2320 1387 ordinem

127 1435 476 1517 coegisset
504 1432 721 1521 (2).1n
755 1454 836 1500 ea
864 1453 966 1513 re,
993 1434 1165 1505 utin
1194 1433 1716 1501 consecratione
1745 1434 2012 1520 capitis,
2049 1437 2133 1500 de
2163 1435 2318 1500 infi-

130 1552 274 1617 nito
313 1551 744 1617 tribunorum
782 1550 1002 1635 plebis
1036 1550 1198 1633 jure
1234 1550 1667 1616 deminutum
1708 1553 1812 1616 est
1859 1550 2017 1632 lege
2056 1553 2134 1627 Q.
2191 1554 2322 1616 Pa-

129 1669 312 1756 pirii,
349 1685 505 1752 quae
537 1666 752 1732 vetuit
778 1666 966 1732 aedes
1012 1664 1284 1749 injussu
1308 1663 1530 1749 plebis
1568 1665 1967 1731 consecrari
2001 1661 2106 1750 (3).
2154 1668 2324 1740 Quae

128 1788 267 1868 lex,
301 1802 695 1871 quanquam
718 1783 804 1848 ad
835 1781 1266 1867 privatorum
1288 1781 1471 1848 bona
1494 1800 1635 1846 non
1659 1780 2069 1864 pertinebat.
2095 1784 2329 1846 tamen

129 1923 293 1971 cum
327 1920 410 1968 eo
441 1884 570 1966 usu
601 1875 971 1982 conjuncta
1000 1898 1131 1963 fuit
1153 1898 1242 1961 ad
1273 1896 1543 1980 plebem
1568 1894 2026 1980 provocandi,
2059 1882 2333 1977 quoties

129 2021 217 2086 de
252 2019 596 2085 bonorum
622 2012 1143 2101 consecratione
1165 2013 1513 2092 ageretur.
1548 2012 1782 2093 Itaque
1815 2027 2028 2093 quum
2071 2012 2139 2076 C.
2190 2008 2330 2073 Ati-

130 2135 293 2202 nius
327 2131 586 2210 Labeo,
623 2128 941 2195 tribunus
975 2126 1219 2211 plebiS‚
1243 2125 1474 2191 foculo
1506 2124 1730 2210 posito
1758 2125 1830 2189 in
1852 2117 2095 2190 rostris
2132 2123 2328 2189 adhi-

132 2250 415 2335 bitoque
467 2245 772 2321 tibicine,
817 2248 896 2320 Q.
955 2242 1205 2310 Metelli
1240 2241 1553 2308 censoris
1608 2242 1814 2319 bona,
1864 2240 1978 2324 qui
2032 2258 2190 2306 eum
2243 2259 2330 2307 ex

134 2371 383 2436 senatu
413 2367 738 2451 ejecerat,
794 2360 1364 2438 consecravisset‘‚
1403 2378 1558 2425 cum
1608 2357 1779 2423 alter
1824 2357 2140 2423 tribunus
2182 2356 2326 2440 ple-

106 2485 441 2554 ·bisidem
470 2480 893 2550 Cn.Lentu'lo
926 2476 1198 2546 censori
1226 2476 1531 2554 fecisset,
1553 2470 1868 2541 neutrius
1893 2473 2324 2540 consecratio

132 2601 417 2669 inimico
455 2597 684 2676 fraudi
712 2595 862 2674 suit,
898 2597 1144 2661 neuter
1173 2594 1578 2659 consecrata
1609 2591 1795 2657 bona
1818 2589 2131 2672 obligare
2171 2589 2329 2654 reli-

135 2717 469 2802 gionibus
497 2713 715 2779 valuit
740 2710 851 2797 (4).
886 2709 1019 2776 Sed
1049 2725 1260 2792 quum
1297 2704 1534 2773 Cicero
1580 2704 1655 2768 in
1682 2701 1798 2768 illa
1843 2702 2159 2767 oratione
2189 2718 2332 2791 pro

136 2838 345 2904 domo
375 2850 505 2897 sua
530 2826 917 2895 indemnati
957 2822 1130 2889 civis
1164 2822 1346 2887 bona
1363 2822 1524 2903 jure
1559 2838 1600 2883 a
1626 2818 1902 2883 tribuno
1935 2815 2335 2882 consecrari

135 2968 345 3037 posse
395 2948 629 3028 neget,
686 2944 942 3009 fatetur
1003 2941 1236 3004 tamen
1303 2935 1489 2999 hunc
1546 2950 1749 3016 quem
1801 2930 1984 2996 dicat
2044 2929 2336 2995 tribuni-

138 3068 324 3132 cium
355 3054 690 3133 furorem,
728 3059 1008 3124 ductum
1042 3070 1195 3119 esse
1237 3068 1314 3114 ex
1346 3046 1697 3119 nonnullis
1733 3046 2044 3110 veterum
2070 3046 2335 3127 tempo-

136 3201 296 3247 rum
331 3176 418 3264 (5)
451 3174 807 3261 exempliS,
837 3177 904 3239 et
934 3170 1162 3257 prisca
1193 3169 1261 3231 et
1291 3181 1493 3248 paene
1527 3160 1837 3229 solennia
1865 3159 2079 3226 verba
2123 3159 2240 3242 huj
2253 3176 2336 3224 us

139 3296 475 3364 carminis
520 3294 734 3361 fuisse
783 3307 920 3375 quo
966 3288 1042 3354 in
1081 3282 1553 3353 consecranda
1599 3298 1724 3345 sua
1781 3278 1986 3343 domo
2026 3275 2324 3354 Clodius,

139 3414 368 3480 velato
399 3414 644 3497 capite,
691 3407 1068 3474 obtestatus
1097 3405 1300 3474 Deos,
1336 3402 1516 3465 esset
1563 3414 1753 3462 usuS.
1802 3393 1946 3459 Illae
1997 3408 2332 3457 caeremo-

155 3630 2335 3673 --.-.-—--———-——————-——-—-·

212 3805 273 3880 (ι)
301 3814 500 3869 Livius,
530 3810 626 3867 111.
653 3814 724 3859 55.

206 3896 273 3965 (2)
306 3901 507 3959 Livius,
539 3898 735 3959 XLIII,
770 3902 839 3946 16.

207 3983 278 4056 (3)
311 3986 453 4046 Cic..
481 4003 571 4053 pro
599 3986 760 4045 domo,
790 3989 859 4035 50.

207 4071 272 4146 (⁴)
304 4077 441 4138 Cic.,
476 4093 570 4144 pro
612 4077 764 4137 domo,
796 4081 865 4125 ⁴7.
897 4098 971 4110 -
1010 4069 1090 4126 Cf.
1136 4072 1268 4123 Livii
1307 4069 1567 4135 epitomen,
1589 4107 1592 4118 .
1618 4070 1688 4118 59.
1741 4062 1984 4125 Plinium,
2035 4057 2176 4111 Hist.
2210 4068 2341 4116 oms„

140 4169 260 4233 VII,
295 4175 367 4229 45,

207 4253 270 4327 (5)
302 4254 438 4320 Cio„
471 4258 603 4310 Ibid.
