3005 4955
1638 338 1993 404 -60-

709 482 989 550 comitia
1043 482 1130 549 ab
1178 479 1587 549 auctoritate
1617 478 1997 546 curiarum
2046 481 2116 546 et
2155 479 2643 547 clientelarum
2684 478 2897 547 libera

713 598 1029 667 tribubus
1065 597 1232 665 solis
1285 596 1620 673 traderet,
1669 595 1945 663 tributis
1998 596 2302 663 comitiis
2350 595 2642 663 clientes
2693 595 2901 682 patri-

711 712 841 781 ciis
886 712 1228 779 obnoxios
1256 710 1345 776 ad
1381 710 1815 777 tribunatum
1851 727 2060 794 posse
2099 711 2731 795 promoveri.‘Eam
2760 711 2896 795 igi-

711 834 826 898 tur
886 827 1254 895 Publiliam
1323 826 1554 907 legem
1612 824 1832 891 fuisse
1891 825 2275 902 credimus,
2332 844 2475 893 non
2530 826 2770 892 solum
2827 830 2893 893 ut

711 943 991 1013 tributis
1048 940 1346 1031 comitiis
1416 938 1573 1006 fieri
1634 940 1954 1007 tribunos
2016 940 2334 1023 Juberet,
2391 940 2513 1007 sed
2566 943 2650 1007 ut
2708 939 2906 1025 quin-

622 1138 627 1149 *
710 1080 846 1148 que
878 1061 1314 1130 tribunorum
1344 1058 1718 1140 collegium
1752 1055 2168 1130 institueret,
2195 1066 2411 1140 quum
2444 1053 2589 1123 bini
2629 1059 2899 1122 tantum

660 1236 667 1242 .
712 1181 918 1244 antea
947 1176 1281 1258 fuissent3
1328 1179 1532 1261 cujus
1575 1175 1676 1243 rei
1715 1174 1876 1241 Piso
1905 1177 2149 1239 auctor
2190 1175 2318 1239 est.
2354 1170 2666 1257 Denique
2696 1191 2897 1258 quum

714 1313 802 1361 ex
849 1294 1148 1377 singulis
1201 1294 1570 1373 classibu8‚
1607 1296 1807 1359 sexta
1840 1290 2104 1372 relicta,
2135 1289 2399 1371 singuli
2436 1289 2704 1363 tribuni
2749 1288 2902 1374 eligi

717 1407 1070 1485 deberent,
1116 1409 1231 1475 lex
1278 1407 1521 1475 eadem
1556 1407 1924 1474 clientibus
1957 1409 2027 1472 et
2054 1404 2581 1489 pauperioribus
2625 1403 2902 1482 civium,

716 1538 857 1588 non
890 1521 1161 1589 idoneis
1190 1521 1279 1587 ad
1303 1521 1631 1588 tuendam
1661 1521 2074 1602 libertatem,
2101 1519 2493 1586 tribunatus
2514 1536 2718 1604 spem
2742 1536 2907 1604 prae·

715 1635 904 1704 cidit.
1040 1626 1045 1629 ’
1563 1716 1572 1727 f
2071 1639 2079 1648 '
2183 1706 2188 1711 ,
2399 1650 2402 1653 ’
2979 1700 2980 1705 ,

804 1752 981 1829 Quid
1015 1770 1249 1819 causae
1272 1756 1455 1819 esset
1482 1770 1611 1819 cur
1639 1750 1886 1837 plebeii
1914 1752 2278 1834 tantopere
2300 1750 2547 1832 augeri
2577 1750 2898 1817 tribuno·
2979 1768 2980 1807 2

713 1889 872 1938 rum
899 1889 1263 1937 numerum
1300 1873 1656 1954 cuperent,
1685 1887 1828 1936 non
1877 1867 2055 1934 male
2088 1866 2262 1933 vidit
2295 1868 2510 1935 abbas
2541 1864 2785 1935 Ser-an
2815 1863 2896 1934 de

718 1981 792 2050 la
832 1981 1033 2052 Tour
1067 1983 1178 2071 (1).
1211 1985 1394 2052 Fieri
1419 1984 1604 2051 enim
1635 1984 1856 2070 potuit
1882 1987 1959 2049 ut
1986 2002 2076 2049 ex
2100 1982 2402 2067 quinque
2434 1983 2739 2050 tribunis
2776 1983 2900 2068 ple-
2979 2046 2982 2075 ἰ

710 2101 823 2169 bis
852 2101 1030 2169 alius
1068 2102 1457 2186 eloquentia
1508 2102 1787 2174 valeret,
1820 2101 1999 2167 alius
2032 2100 2444 2180 constantia,
2487 2099 2675 2168 alius
2704 2101 2905 2184 inge·
2979 2122 2980 2153 1

715 2215 816 2282 nii
849 2215 1199 2295 versutiis,
1257 2219 1329 2282 ut
1360 2215 1655 2298 collegae
1698 2216 1844 2281 vim
1872 2215 2144 2298 collega
2171 2214 2536 2299 prudentia
2570 2219 2903 2301 tempera·
2981 2244 2982 2261 π

714 2333 838 2395 ret.
873 2328 1007 2396 Sed
1050 2328 1121 2395 id
1176 2328 1619 2414 potissimum
1654 2329 2010 2394 Romanos
2062 2332 2415 2412 spectasse
2462 2328 2894 2407 crediderim,

664 2456 675 2461 ‘⁷
716 2461 931 2529 quum
962 2441 1220 2510 tribuni
1264 2442 1482 2528 plebis
1516 2424 1779 2510 nullam
1809 2442 2386 2511 intercessionem
2418 2443 2554 2511 nisi
2595 2461 2907 2529 praesen-

718 2559 822 2623 tes
857 2555 1089 2622 facere
1120 2560 1407 2640 possent
1440 2555 1556 2644 (2),
1583 2562 1661 2624 ut
1692 2558 1927 2643 plures
1968 2559 2216 2625 fierent
2257 2577 2394 2644 quo
2424 2557 2747 2643 pluribus
2779 2559 2906 2625 fer·

686 2676 878 2759 ,rent
909 2671 1266 2737 auxilium.
1324 2673 1561 2756 Neque
1608 2676 1841 2742 tamen
1872 2674 2146 2758 patricii
2193 2674 2529 2741 timebant
2575 2693 2670 2742 ne
2716 2674 2906 2743 colle·

722 2786 919 2869 gium
950 2787 1423 2868 tribunicium,
1457 2806 1594 2874 quo
1614 2790 1842 2872 majus
1862 2788 2068 2864 foret,
2089 2808 2171 2856 eo
2203 2789 2504 2875 iniquius
2534 2790 2672 2858 sibi
2694 2789 2901 2858 obsis·
2977 2787 2978 2834 ³

694 2908 915 2973 teret.
950 2907 1176 2982 Quum
1205 2905 1395 2973 enim
1423 2922 1607 2971 unus
1627 2904 1947 2972 tribunus
1991 2904 2116 2971 toti
2145 2904 2442 2988 collegio
2471 2903 2897 2974 intercedere
2976 2841 2979 3000 l

719 3023 981 3107 posset,
1033 3020 1331 3088 tribunis
1378 3038 1465 3087 ex
1506 3019 1820 3104 pluribus
1867 3020 2209 3103 majorem
2255 3022 2499 3089 Patres
2536 3021 2903 3089 credebant

721 3134 873 3201 fore
899 3152 1118 3200 unum
1142 3136 1264 3199 aut
1289 3133 1585 3200 alterum
1611 3133 1742 3202 sibi
1760 3132 2175 3201 conciliandi
2205 3131 2611 3222 copiam(3).
2645 3136 2894 3219 Itaque,
2974 3153 2976 3270 4

721 3247 1021 3315 Minucio
1063 3250 1131 3313 et
1158 3247 1452 3313 Horatio
1489 3248 1921 3328 consulibus,
1964 3248 2318 3315 tricesimo
2345 3252 2542 3315 sexto
2575 3253 2743 3333 post
2771 3246 2897 3336 pri-

722 3379 878 3430 mos
932 3360 1248 3430 tribunos
1292 3378 1499 3442 ann0,
1560 3364 1953 3449 petentibus
1986 3363 2295 3449 plebeiis,
2336 3363 2524 3431 hand
2559 3363 2898 3434 abnuente
2973 3357 2974 3412 ἕ

724 3481 992 3558 senatu,
1022 3478 1261 3546 decem
1289 3478 1554 3547 tribuni
1583 3479 1797 3548 creati
1830 3483 2019 3558 sunt,
2055 3479 2199 3547 bini
2227 3498 2318 3555 ex
2346 3478 2652 3563 singulis
2680 3478 2906 3548 classi·
2972 3419 2974 3542 Α

705 3958 710 3962 .
794 3906 862 3978 (¹)
889 3911 1047 3967 seran
1085 3914 1149 3964 de
1185 3913 1239 3965 ιι
1277 3911 1430 3972 Tem,
1463 3910 1684 3964 Histoire
1723 3909 2073 3988 dna-Triwane
2112 3922 2145 3967 a
2183 3911 2352 3976 Romo,
2386 3916 2550 3977 Paris,
2586 3917 2717 3977 1⁷7⁴,
2750 3922 2790 3965 t.
2819 3911 2906 3968 Ν,

728 4006 1116 4154 Ροίίῖῗὸοῑῑίαο,
1145 4088 1207 4140 1..
1239 4089 1390 4151 1111,
1420 4105 1531 4156 cap.
1565 4093 1635 4149 12,
1666 4090 1728 4141 ιο
1759 4094 1805 4139 ο.

803 4172 869 4241 (a)
897 4176 1089 4238 uvius,
1119 4176 1191 4238 11,
1223 4183 1294 4228 ιι.
1713 4219 1717 4223 .
