3005 4955
1140 337 1492 406 ...69-

194 486 604 565 passurum,
637 485 729 560 et,
766 483 911 583 tum
934 498 1216 565 ⁴quoque
1280 500 1489 566 quum
1525 483 1819 573 Romam
1862 483 2185 568 redisset,
2216 488 2276 554 si
2323 506 2398 556 se

193 599 648 685 appellasset,
679 597 937 665 auxilio
967 599 1038 670 ei,
1057 599 1372 689 futurum
1404 584 1514 688 *ne-
1534 617 1818 667 causam
1875 601 2155 669 diceret.
2198 605 2396 679 Quod

196 717 585 793 decretum,
610 714 773 798 quia
792 713 1209 797 periclitanti
1234 713 1400 797 *plus
1440 714 1815 792 tribuebat,
1868 716 2234 801 praevaluit
2259 717 2384 806 (1).

203 830 399 898 Lucii
431 847 704 915 quoque
747 828 1174 913 temporibus
1239 829 1429 896 solus
1484 831 1826 898 subvenit·
1866 831 1964 897 Ti.
2018 833 2395 917 GracchuS.

80 986 91 996 -
193 947 538 1012 Damnato
596 943 960 1028 peculatus
1048 944 1122 1009 L.
1195 943 1550 1028 Scipione,
1596 947 1672 1011 P.
1744 945 2000 1012 Nasica
2082 947 2399 1014 tribunos

84 1108 89 1113 -
202 1057 599 1144 appellavit.
641 1056 1004 1141 Terentius
1033 1060 1319 1143 praetor,
1359 1057 1435 1123 ni
1464 1059 1761 1143 pecunia
1800 1059 1873 1125 in
1902 1060 2229 1126 aerarium
2274 1079 2400 1147 re-

208 1173 539 1254 ferretur,
562 1191 648 1240 se
673 1172 846 1238 nihil
870 1150 1145 1239 habere
1155 1173 1340 1258 quod
1368 1173 1627 1240 faceret
1653 1174 1904 1254 aiebat,
1930 1174 2067 1240 nisi
2102 1177 2173 1242 ut
2206 1193 2404 1242 reum

163 1286 177 1313 ¹
205 1289 286 1355 in
311 1289 585 1356 vincula
618 1288 776 1354 duci
799 1290 1104 1372 juberet.
1141 1289 1427 1356 Tribuni
1445 1289 1747 1375 plebisin
1770 1290 2140 1356 consilium
2174 1309 2403 1358 seces-

212 1408 456 1470 serunt
482 1409 553 1470 et
581 1406 655 1471 C.
683 1403 990 1470 Fannius
1017 1423 1110 1470 *ex
1140 1421 1267 1470 sua
1291 1405 1856 1488 collegarumque
1880 1406 2199 1485 aliorum,
2223 1424 2403 1491 prae-

209 1524 316 1586 ter
348 1521 1207 1599 Gracchum‚-sententiam
1257 1521 1778 1604 pronuntiavit:
1808 1520 2093 1606 praetori
2125 1540 2263 1587 non
2300 1521 2404 1587 in-

208 1633 566 1700 tercedere
618 1634 937 1700 tribunos
985 1634 1363 1718 quominus
1431 1650 1558 1699 sua
1601 1638 1942 1717 potestate
2003 1638 2260 1700 utatur.
2301 1632 2402 1698 Ti.

209 1750 564 1816 Gracchus
599 1749 789 1816 solus
816 1750 1148 1829 decrevit,
1185 1768 1269 1843 sex
1303 1767 1447 1815 non
1476 1766 1849 1832 passurum
1881 1750 1955 1813 L.
2014 1748 2404 1834 Scipionem

204 1869 276 1936 in
304 1865 606 1932 vinculis
632 1884 808 1945 esse.
849 1866 1045 1941 Quod
1075 1866 1430 1937 decretum
1453 1864 1689 1930 Livius
1720 1884 1806 1951 ex
1821 1864 2097 1930 Valerio
2125 1865 2403 1931 Antiate

208 1984 617 2068 desumpsit,
637 1984 893 2051 Gellius
916 2003 1004 2050 ex
1020 1983 1372 2050 annalium
1394 1984 1860 2050 monumentis
1896 1983 2265 2069 exscripsit
2281 1982 2395 2072 (2).

208 2100 500 2182 Collegii
533 2099 877 2193 sententia
909 2100 1127 2167 unius
1155 2100 1415 2167 tribuni
1443 2118 1564 2184 reo
1595 2100 1892 2167 faventis
1916 2099 2194 2166 decreto
2219 2098 2405 2166 victa

206 2221 337 2284 est.
2125 2300 2130 2301 ἢ

294 2331 694 2416 Saepissime
724 2331 798 2401 in
832 2331 984 2396 aliis
1021 2330 1251 2397 causis
1291 2334 1409 2397 aut
1435 2330 1740 2413 plurium
1792 2329 2229 2396 tribunorum
2283 2333 2403 2397 aut

208 2436 486 2529 collegii
516 2446 731 2514 totius
757 2446 973 2517 valuit
993 2447 1390 2513 auctoritas.
1439 2445 1749 2530 Namque
1793 2447 2155 2531 postquam
2186 2462 2262 2511 se
2283 2444 2401 2512 de-

211 2559 366 2627 cem
395 2579 686 2628 numero
723 2561 944 2628 factos
974 2560 1233 2627 tribuni
1263 2560 1611 2637 viderunt,
1646 2564 1714 2625 et
1738 2559 2123 2644 periculum
2138 2577 2294 2626 esse
2314 2578 2402 2627 ne

206 2676 584 2758 collegium
615 2676 1048 2743 dissensione
1076 2677 1427 2752 laboraret
1454 2678 1524 2742 et
1557 2675 1913 2742 ambitioni
1954 2677 2401 2760 patriciorum

209 2810 287 2857 se
315 2793 780 2877 opportunum
809 2792 1175 2875 praeberet,
1216 2785 1674 2874 conjuravere
1706 2790 1889 2857 inter
1919 2808 2019 2870 se,
2045 2771 2226 2875 quod
2247 2791 2400 2878 plu·-

206 2906 406 2990 ribus
454 2905 850 2992 placuisset,
878 2905 948 2970 id
1001 2905 1350 2971 neminem
1415 2903 1917 2970 intercessione
1969 2883 2401 2971 moraturum

205 3039 364 3087 esse
400 3018 513 3106 (3).
550 3021 956 3105 Quanquam
986 3020 1048 3087 is
1075 3020 1282 3086 unius
1311 3019 1476 3087 anni
1508 3019 1690 3085 inter
1734 3018 2064 3112 tribunos
2100 3036 2397 3085 consen-
2472 3040 2479 3047 ·

144 3212 149 3215 ,
210 3154 336 3203 sus
367 3134 522 3215 fuit,
549 3134 1098 3210 Decemvirosjd
1130 3135 1521 3221 exemplum
1554 3121 1831 3201 secutos
1859 3151 2015 3201 esse
2048 3132 2392 3214 videmuS,

208 3234 672 3339 appellatione
686 3250 1116 3332 collegarum
1136 3253 1205 3317 et
1222 3250 1720 3318 intercessione
1743 3250 2017 3333 sublata
2046 3247 2132 3337 (4)
2176 3250 2399 3319 Colle-

208 3364 331 3451 gia
359 3364 801 3432 tribunorum
824 3362 1131 3449 reperire
1154 3365 1283 3442 est,
1305 3361 1553 3447 quibus
1579 3381 1786 3430 nemo
1816 3381 1858 3429 a
1881 3362 2173 3446 collegis
2194 3362 2398 3429 dissi-

210 3482 432 3563 deret,
463 3479 869 3566 Appellante
897 3480 1145 3545 senatu
1194 3481 1437 3545 contra
1471 3478 1796 3545 consules
1836 3479 1911 3543 T.
1955 3476 2313 3566 Quintium?
2330 3481 2399 3545 et

279 3905 346 3977 (1)
378 3910 572 3968 Livius.
596 3909 910 3973 XXXVIII,
928 3913 1000 3959 52.

279 3994 354 4065 (2)
386 3998 587 4060 Livius,
606 3996 919 4055 XXXVIII,
939 4001 1090 4049 58-60.
1119 3993 1459 4055 Genius‚v11‚
1497 4000 1568 4047 19.
1598 3992 1719 4049 Val.
1758 3992 2031 4059 Maximus,
2053 3989 2149 4056 IV,
2182 4001 2227 4057 1,
2256 3995 2317 4045 n⁰
2344 4001 2390 4047 8.

282 4081 345 4153 (3)
374 4086 681 4151 Dionysium
707 4085 780 4143 X,
799 4069 872 4145 3'1,
893 4084 932 4135 f.
1875 4150 1882 4157 ⁸

274 4166 345 4243 (4)
375 4174 569 4233 Livius,
602 4174 701 4234 ΙΙΙ,
739 4178 792 4225 36
822 4197 834 4225 2
864 4172 1258 4243 lucernas-sionem
1282 4187 1514 4226 consensu
1532 4173 1839 4226 sustulerant.
