3005 4955
1504 268 1858 335 ...48....

587 431 739 485 cus,
767 411 835 478 Si
864 410 1019 495 quis
1048 412 1293 495 autem*
1306 412 1598 475 vocatus
1621 425 1763 475 non
1790 405 2280 492 responderet,
2319 407 2474 490 ejus
2499 391 2803 501 arbores

592 532 661 596 et
690 528 895 594 villas
934 526 1367 602 excidebant,
1405 527 1525 590 aut
1554 523 1718 599 siin
1749 522 1996 589 alienis
2038 522 2243 590 bonis
2279 521 2561 590 villicus
2595 525 2802 606 agris

590 645 900 710 colendis
936 661 1220 728 operam
1246 643 1468 722 daret,
1506 642 1718 708 boum
1750 640 1970 726 paria,
2017 643 2086 706 et
2136 657 2381 724 equOS,
2430 639 2690 723 fruges
2731 645 2803 707 et

584 762 1127 828 instrumentum
1150 758 1487 825 rusticum
1511 757 1816 839 agebant
1843 761 1911 822 et
1942 754 2285 822 ferebant.
2326 758 2430 822 Ita
2461 757 2818 825 hostilem·

580 881 654 947 in
689 898 954 947 morem
988 876 1303 955 coerciti,
1333 876 1620 942 rusticae
1662 874 1882 960 plebis
1932 873 2206 940 romani
2260 872 2543 941 nomina
2587 875 2793 960 dare,

583 995 1051 1080 appellatione
1081 992 1381 1071 sublata,
1425 990 1646 1057 coacti
1682 993 1868 1056 sunt.

620 1180 624 1185 ,
676 1110 874 1186 Quod
927 1109 988 1176 si
1034 1109 1155 1193 jus
1208 1105 1698 1193 prehensionis
1755 1105 2388 1173 senatusconsultis
2438 1124 2667 1190 usque
2719 1107 2798 1174 in

579 1225 930 1292 Etruriam
963 1224 1129 1292 etin
1160 1223 1459 1291 Siciliam
1492 1221 1842 1308 prolatum
1893 1224 2027 1303 est,
2087 1221 2158 1287 id
2201 1221 2556 1288 solvendis
2602 1221 2792 1305 legi-

579 1341 711 1407 bus
774 1343 1058 1407 senatus
1140 1339 1405 1422 effecit,
1484 1337 2073 1423 quemadmodum
2152 1334 2431 1405 decreto
2504 1341 2791 1423 poterat

583 1455 949 1561 imperium
975 1456 1467 1541 triumphantis
1494 1454 1682 1521 intra
1710 1453 2128 1553 pomoerium
2157 1453 2526 1521 admittere
2564 1451 2679 1541 (1).

588 1692 622 1772 ἕ
661 1696 724 1761 8.
754 1729 843 1746 -·-
874 1690 1020 1764 Cur
1051 1692 1298 1764 Romoe
1332 1689 1774 1763 commorari
1807 1689 2083 1762 tribuni
2110 1688 2338 1782 plebis
2364 1688 2782 1760 debuerint.

667 1937 1065 2021 Dionysius,
1104 1936 1349 2003 eodem
1380 1934 1564 2016 loc0,
1596 1935 1816 2003 refert
1844 1937 2042 2001 extra
2069 1933 2325 2002 Urbem
2357 1932 2788 2000 abnoctandi

571 2051 691 2134 Jus
721 2052 1020 2119 tribunis
1052 2052 1270 2137 plebis
1320 2051 1541 2118 fuisse
1603 2051 2027 2136 ademptum,
2081 2054 2369 2134 excepto
2432 2048 2783 2117 feriarum

574 2165 947 2232 latinarum
982 2171 1316 2251 tempore,
1347 2185 1482 2250 quo
1515 2185 1643 2251 pro
1686 2167 1921 2234 latinis
1950 2166 2220 2253 populis
2261 2185 2304 2232 a
2333 2166 2783 2248 magistrati--

575 2283 708 2349 bus
738 2282 1048 2350 romanis
1086 2282 1160 2348 in
1195 2285 1428 2349 monte
1486 2282 1757 2349 Albano
1794 2283 1949 2349 Jovi
1980 2283 2533 2349 sacrificabatur.
2596 2284 2786 2349 Ter-

578 2398 714 2464 tius
745 2399 933 2465 enim
962 2400 1362 2465 Latinarum
1414 2398 1563 2495 dies
1616 2398 2245 2465 commemorandae
2294 2398 2486 2484 pacis
2529 2416 2781 2483 causa,

574 2515 758 2626 inter
777 2514 1049 2599 plebem
1084 2520 1152 2581 et
1185 2515 1512 2613 Senatum
1546 2515 1775 2594 factae,
1805 2515 2078 2582 additus
2112 2518 2285 2594 erat,
2314 2534 2552 2599 quum,
2613 2519 2788 2599 post

576 2630 1068 2710 secessionem,
1106 2629 1356 2714 plebeii
1425 2631 1721 2695 Romam
1776 2631 2041 2696 reversi
2077 2635 2239 2696 sunt
2286 2628 2530 2716 (2).1is
2582 2629 2791 2698 feriis

571 2745 805 2811 latinis
839 2747 906 2811 et
932 2762 1097 2810 vere
1128 2743 1416 2828 plebeiis
1463 2744 1803 2812 interesse
1839 2746 2159 2841 tribunos
2210 2745 2433 2829 plebis
2480 2764 2786 2813 necesse

570 2859 724 2941 fuit,
754 2879 967 2945 quum
1001 2861 1439 2945 tribunorum
1474 2861 1797 2943 ministri,
1827 2861 2067 2927 aediles
2099 2861 2340 2947 plebis,
2369 2860 2539 2928 sella
2568 2860 2791 2939 ebur,

568 2996 702 3046 nea
729 2979 980 3057 ornati,
1014 2981 1251 3061 togam
1262 2996 1683 3063 purpuream
1706 2981 1774 3043 et
1801 2995 2049 3059 regum
2070 2976 2375 3059 insignia
2400 2979 2781 3061 gerentes,

567 3095 712 3161 Diis
739 3097 1198 3179 operarentur
1232 3096 1301 3158 et
1328 3093 1765 3159 victimarum
1789 3111 2067 3159 carnem
2098 3093 2489 3176 petentibus
2511 3092 2785 3160 latino-

567 3228 723 3275 rum
752 3208 1166 3294 populorum
1221 3208 1475 3290 legatis
1524 3209 1993 3294 dispertirent.
2059 3210 2213 3287 Sed,
2263 3209 2529 3295 reliquo
2588 3213 2779 3277 tem-

569 3340 765 3410 pore,
806 3325 1051 3387 Romae
1080 3322 1494 3387 commorari
1526 3323 1871 3389 debebant
1893 3322 2162 3408 ‘tribuni
2194 3322 2435 3407 plebis,
2480 3340 2612 3388 nec
2644 3325 2778 3388 to-

516 3423 521 3426 *
569 3441 715 3504 tum
744 3438 927 3505 diem
947 3455 1359 3522 quemquam
1379 3457 1622 3505 eorum
1653 3440 1876 3505 Roma
1905 3439 2153 3525 abesse
2186 3438 2293 3504 fas
2325 3442 2494 3505 erat.
2532 3439 2774 3513 Quum

566 3557 799 3622 autem
828 3554 976 3624 dies
1006 3554 1269 3638 singuli
1299 3549 1482 3640 apud
1521 3557 1876 3623 Romanos
1915 3574 1957 3622 a
2004 3556 2233 3623 media
2289 3558 2490 3621 nocte
2537 3572 2772 3639 usque

564 3671 654 3738 ad
678 3672 976 3740 mediam
1003 3653 1395 3758 proximam
1419 3672 2073 3755 adnumerarentur,
2104 3671 2221 3757 qui
2255 3671 2576 3739 tribunus
2613 3671 2771 3756 ple-

2595 3902 2761 3918 ’.η-ὴ

635 4040 693 4115 (1)
723 4045 794 4100 V.
829 4046 1008 4115 Supra,
1035 4044 1070 4110 ἓ
1094 4047 1162 4100 V.

633 4132 697 4205 (2)
732 4139 1028 4207 Dionysiu8‚
1060 4137 1155 4197 VI,
1187 4144 1256 4189 95.
