3005 4955
1634 297 1991 361 ...36—

711 443 855 506 tres
912 438 1295 517 abolerent,
1347 437 1691 520 indignati
1724 435 2010 504 -tribuni
2072 434 2297 520 plebis
2364 438 2661 503 sacratae
2727 435 2884 518 legis

701 555 1195 645 jusjurandum
1226 552 1473 619 violari
1507 552 1977 619 clamitabant.
2022 553 2391 618 Jusserunt
2428 551 2682 637 itaque
2713 554 2887 618 Mar-

707 669 893 736 cium
930 670 1017 735 ab
1046 668 1366 758 aedilibus
1400 668 1649 754 plebiS,
1678 667 1883 734 Junio
1912 669 2128 733 Bruto
2163 670 2234 733 et
2258 666 2448 732 Icilio
2477 669 2711 750 Ruga,
2746 685 2884 753 pre·

616 789 621 797 '
706 784 945 866 hendi,
1005 788 1073 850 et
1122 784 1220 865 vi,
1277 784 1336 850 si
1382 787 1830 869 repugnaret,
1881 783 2150 849 abduci.
2212 781 2492 849 Patricii
2535 801 2710 850 vero
2758 799 2880 849 non

706 900 1014 968 ferentes
1056 917 1470 984 quemquam
1507 900 1592 965 de
1626 898 1773 966 suis
1811 899 1962 965 sine
1984 897 2250 982 judicio
2283 897 2680 965 libertatem
2708 898 2882 965 amit·

608 1014 616 1063 Γ
704 1018 921 1107 terre,
963 1012 1367 1096 conglobati
1398 1013 1719 1079 aeffilibus
1749 1012 2157 1079 restiterimt
2186 1010 2299 1099 (1).
2340 1011 2651 1078 Concilio
2683 1009 2881 1098 plebis

707 1131 1073 1211 advocato,
1097 1129 1426 1210 Marcius,
1459 1147 1673 1213 quum
1693 1128 2047 1209 citaretur,
2074 1127 2315 1194 aediles
2334 1126 2559 1212 plebis
2572 1125 2880 1213 pulsavit,

687 1234 1025 1314 'tribunos
1075 1245 1321 1331 plebiS,
1377 1263 1521 1311 non
1569 1247 1856 1312 Patrum
1909 1261 2065 1311 esse
2111 1243 2463 1341 dictitans,
2515 1247 2585 1310 et
2635 1241 2879 1324 auxilii,

705 1379 848 1429 non
898 1380 1130 1447 poenae
1177 1380 1389 1430 causa
1426 1362 1547 1447 jus
1597 1360 1695 1426 illi
1734 1360 2072 1445 potestati*
2108 1360 2345 1427 datum
2371 1358 2486 1448 (2).
2513 1359 2881 1426 Productus

705 1477 987 1545 tandem
1021 1479 1109 1544 ad
1142 1478 1414 1564 plebem
1447 1477 1774 1558 MarciuS‚
1820 1477 2248 1545 accusatoris
2293 1477 2522 1560 magis
2550 1495 2761 1562 quam
2795 1475 2880 1542 rei

701 1596 972 1664 animos
1019 1613 1304 1680 gerens,
1353 1598 1604 1680 a'spere
1645 1595 1720 1661 in
1770 1594 2088 1663 tribunos
2116 1592 2339 1680 plebis
2393 1595 2715 1663 invectus
2762 1596 2877 1660 est.

701 1714 891 1795 Irata
924 1714 1282 1793 concione,
1323 1712 1619 1780 Sicinius
1655 1713 1977 1780 tribunus
2010 1730 2232 1796 pauca
2261 1730 2422 1779 cum
2467 1710 2759 1792 collegis
2798 1705 2882 1794 ’(3)

703 1830 1117 1914 collocutus,
1153 1812 1659 1918 pronuntiavit,
1701 1829 1785 1895 de
1821 1828 2099 1911 collegii
2149 1827 2515 1909 sententia,
2567 1825 2880 1894 Marcium

622 1934 635 1952 ὅ
700 1951 927 2015 morte
975 1966 1132 2014 esse
1175 1948 1605 2024 damnatum,
1652 1944 1836 2030 quod
1867 1944 2107 2011 aediles
2160 1943 2382 2029 plebis
2429 1942 2785 2023 violasset,
2826 1943 2880 2007 et

703 2062 938 2129 statim
960 2062 1172 2145 ‘Jussit
1204 2063 1291 2128 ab
1325 2061 1642 2128 aedilibus
1675 2060 2096 2146 perduellem
2117 2060 2504 2146 judicatum
2530 2057 2872 2145 prehendi,

680 2177 789 2251 ,ad
815 2195 1156 2244 summam
1180 2158 1412 2244 arcem
1433 2178 1769 2262 protrahi,
1804 2181 1871 2245 et
1900 2178 1984 2244 de
2019 2196 2192 2263 rupe
2217 2178 2508 2263 Tarpeia
2531 2177 2740 2263 dejici
2775 2173 2869 2271 (4).

699 2293 1003 2363 Marcius
1032 2294 1183 2379 jam
1223 2295 1368 2359 tum
1396 2296 1863 2360 sacrosanctae
1892 2294 2254 2380 potestatis
2276 2294 2593 2375 violator,
2618 2295 2868 2362 foedere

700 2412 893 2480 Sacri
923 2411 1178 2477 Montis
1206 2414 1440 2496 rupto,
1475 2410 1909 2497 hostis-plebi
1944 2412 2365 2496 declaratuS,
2403 2413 2501 2496 vi,
2533 2432 2677 2482 non
2707 2412 2869 2497 lege,
2961 2408 2962 2419 ’

697 2530 1141 2596 indemnatus
1179 2527 1268 2593 ad
1297 2531 1589 2593 mortem
1622 2529 1986 2609 agebatur.
2019 2529 2191 2610 Hoc,
2237 2529 2374 2595 alio
2402 2528 2584 2608 locn,
2620 2529 2865 2611 Diony-

693 2646 850 2713 ·sius
890 2645 1161 2712 notavit
1197 2641 1314 2730 (ὅ),
1350 2644 1730 2722 RomanoS,
1775 2642 1836 2709 si
1878 2662 2083 2728 quem
2123 2643 2382 2710 vellent
2429 2641 2579 2711 sine
2626 2641 2870 2728 judicio

698 2780 980 2841 necare,
1008 2779 1178 2827 -eum
1208 2759 1449 2827 solitos
1478 2777 1635 2826 esse
1668 2760 1704 2824 J
1709 2758 1823 2827 ovi
1857 2758 2102 2842 Stygio
2126 2763 2193 2826 et
2211 2759 2354 2826 Diis
2383 2759 2875 2850 inferis-conse-

695 2897 928 2960 crare,
965 2878 1061 2944 ita
1105 2882 1182 2945 ut
1222 2877 1445 2945 cuivis
1483 2895 1644 2943 eum
1675 2875 2066 2942 interficere
2101 2878 2209 2942 fas
2252 2880 2460 2943 esset.
2517 2876 2667 2942 Hoc
2698 2872 2878 2942 modo

699 2995 738 3061 f
739 2995 839 3063 uit
870 2984 1198 3073 Marcius,
1233 2993 1493 3059 indicto
1525 3009 1566 3057 a
1599 2990 1800 3076 plebe
1827 2991 2035 3071 bello,
2076 2990 2452 3076 perduellis
2482 2996 2551 3058 et
2577 3009 2803 3059 sacer.

805 3111 1258 3199 Intervenere
1301 3106 1572 3192 patricii
1603 3112 1670 3173 et
1701 3106 2051 3186 consules,
2095 3110 2164 3172 et
2191 3108 2337 3172 vim
2370 3106 2440 3173 vi
2469 3108 2871 3193 repulerunt.

712 3226 885 3290 Tum
920 3225 1176 3290 Brutus
1208 3222 1432 3289 aedilis
1463 3222 1718 3289 Sicinio
1772 3222 2051 3289 tribuno
2088 3210 2462 3308 pers'uasit,
2525 3226 2625 3303 ut,
2684 3237 2873 3309 quum

708 3338 1192 3405 indemnatum
1240 3338 1579 3405 Marcium
1625 3333 1879 3405 necare
1929 3353 2071 3405 non
2133 3341 2397 3424 posset,
2448 3315 2610 3414 eum
2646 3336 2879 3405 sineret

785 3717 1321 3792 (1)Dionysiu8,V11,
1354 3730 1424 3776 26.

784 3808 849 3882 (2)
877 3816 1068 3877 Livius„
1100 3816 1171 3876 ΙΙ,
1202 3820 1271 3865 35.
1301 3838 1377 3851 -
1401 3814 1699 3881 DionysiuS,
1730 3814 1851 3877 VII,
1882 3823 1952 3867 27.

788 3896 847 3970 (3)
878 3904 1035 3965 Plut„
1062 3907 1117 3955 in
1152 3903 1263 3954 Gor.
1297 3909 1365 3953 18.
1399 3903 1698 3953 Plutarchus
1728 3911 1776 3953 et
1800 3904 2077 3970 Dionysius
2105 3907 2321 3972 quinque
2347 3912 2455 3955 tum
2494 3906 2724 3962 tribunos
2750 3901 2880 3973 plebis

715 3994 907 4059 opinati
934 4000 1066 4052 sunt,
1098 4008 1249 4059 quum
1276 3994 1373 4042 duo
1400 4000 1591 4043 tantum
1619 3993 1817 4043 fuerint.

786 4073 851 4148 (4)
883 4080 1040 4140 Plut„
1072 4077 1272 4131 Ibidem
1303 4080 1597 4146 DionysiuS,
1630 4080 1853 4140 V11‚35.

791 4163 852 4240 (5)
879 4170 1176 4238 Dionysius,
1206 4171 1270 4233 11,
1298 4178 1367 4223 w.
