3005 4955
1120 365 1433 430 ...3-

175 505 267 570 tis
306 502 400 591 (1)
434 503 650 570 armis
690 507 889 588 septa
921 502 1011 603 (2)
1052 505 1433 587 descendit,
1475 509 1545 573 et
1572 505 1645 575 in
1673 505 1846 572 urbe
1876 505 2127 573 victrix
2148 504 2366 583 domi-

175 622 345 685 nata
375 621 504 685 est.
541 621 693 686 Non
723 621 943 703 igitur
977 627 1216 689 secuta
1250 627 1358 689 est
1395 627 1602 690 notos
1638 622 2002 689 crescendi
2050 624 2119 688 et
2150 622 2394 707 profi--

175 734 407 801 ciendi
430 736 725 819 gradus,
760 738 887 803 sed
918 740 1215 805 Romam
1241 738 1468 806 subito
1492 712 1856 806 invasit‘et
1889 741 2159 805 terrore
2188 755 2375 803 com-

171 843 411 936 plevit.

265 967 609 1034 Paulatim
643 969 862 1052 plebis
891 969 997 1036 ira
1027 971 1395 1041 deferbuit.
1437 974 1610 1055 Tum
1653 971 1845 1038 ferus
1881 970 1998 1037 ille
2047 969 2370 1037 tribuna—

175 1084 292 1146 tus
323 1086 392 1148 et
422 1082 800 1149 indomitus
830 1085 1040 1169 coepit
1069 1104 1563 1153 mansuescere
1602 1091 1671 1153 et
1719 1086 1807 1152 ad
1836 1103 2005 1152 usus
2053 1101 2377 1150 commu-

132 1235 137 1239 ·
174 1213 306 1262 nes
340 1197 742 1282 reipublicae
773 1200 1001 1267 sactus
1050 1204 1157 1268 est
1183 1203 1256 1268 in
1286 1202 1435 1268 dies
1485 1200 2093 1268 accommodatior.
2142 1201 2379 1282 Neque

173 1315 416 1379 tamen
444 1313 515 1379 id
534 1315 773 1380 mirari
802 1315 997 1396 libet,
1029 1320 1356 1401 tanquam
1375 1320 1767 1383 monstrum
1790 1314 2068 1401 aliquod
2094 1318 2367 1382 naturae

175 1425 459 1509 legibus
492 1429 818 1510 solutum,
851 1431 1036 1515 quod
1066 1450 1209 1498 non
1239 1450 1326 1498 ex
1361 1450 1581 1521 parvo
1619 1432 1884 1499 semine
1905 1432 1993 1497 ad
2024 1429 2377 1519 magnitu-

178 1541 416 1609 dinem
447 1546 857 1612 excreverit.
896 1549 1121 1623 Quum
1150 1548 1336 1614 enim
1376 1566 1413 1613 e
1464 1548 1747 1631 gemino
1796 1565 2089 1632 corpore
2129 1545 2376 1613 civitas

175 1677 472 1726 romana
519 1662 874 1742 coaluerit,
931 1682 968 1729 e
1031 1663 1286 1751 populo
1350 1663 1612 1730 scilicet
1669 1658 1737 1730 et
1779 1663 2005 1747 plebe,
2053 1665 2375 1741 Romam,

175 1780 339 1859 post
371 1777 634 1860 primos
663 1779 1013 1859 consules,
1069 1778 1374 1863 oportuit
1425 1796 1582 1845 esse
1634 1777 2008 1862 bicipitem.
2063 1774 2369 1860 Populus

172 1892 636 1975 patriciorum
659 1895 968 1961 urbanus
996 1894 1360 1960 dictaturae
1392 1894 1622 1960 fasces
1650 1893 1780 1959 sibi
1809 1892 2134 1978 praetulit.
2168 1891 2375 1957 Plebs

176 2011 381 2075 extra
441 2009 729 2092 triginta
794 2011 1050 2088 curias,
1112 2013 1309 2083 extra
1366 2009 1816 2094 patriciorum
1879 2013 1947 2074 et
2008 2003 2257 2091 gentes
2310 2008 2381 2072 et

176 2123 541 2190 clientelas
573 2125 732 2206 sita,
765 2125 1019 2209 quaein
1048 2125 1345 2191 sedecim
1369 2124 1649 2190 rusticis
1683 2123 1999 2190 tribubus
2035 2123 2381 2190 censeba-

175 2243 327 2320 tur,
360 2240 674 2325 praefecit
702 2240 832 2306 sibi
864 2240 1312 2313 tribunatum,
1350 2238 1465 2323 qui
1504 2238 1701 2305 initio
1733 2257 1875 2304 non
1922 2239 2376 2322 magistratus

174 2355 421 2440 populi
450 2355 722 2421 romani
748 2355 904 2433 fuit,
958 2355 1081 2429 sed
1117 2355 1399 2421 rusticae
1427 2354 1651 2419 instar
1691 2353 2079 2420 dictaturae.
2120 2353 2381 2436 Magis-

177 2473 294 2538 tro
332 2471 566 2556 populi
600 2471 950 2538 adversati
974 2475 1137 2538 sunt
1170 2467 1490 2554 magistri
1518 2468 1763 2555 plebis.
1795 2470 2039 2556 Populi
2080 2469 2376 2554 imperio

179 2591 253 2652 et
284 2587 598 2671 patriciis
624 2587 981 2655 securibus
1020 2587 1294 2654 obviam
1346 2586 1636 2653 tetendit
1687 2585 1994 2670 compari
2026 2589 2370 2669 potestate

178 2703 523 2785 maJestas
556 2703 994 2772 tribunorum
1026 2705 1497 2769 sacrosancta.

263 3079 337 3149 (1)
366 3085 660 3154 Dionysius,
679 3082 787 3152 *VL
819 3093 895 3140 90,

270 3166 339 3241 (2)
367 3173 502 3235 Cic„
532 3174 605 3227 De
636 3176 828 3243 leyibus,
862 3177 956 3238 ΙΙΙ,
988 3184 1032 3230 8.
