3005 4955
1006 371 1358 438 ...29-

82 520 256 596 quos
302 531 437 580 nos
481 513 715 579 hostes
745 511 1197 597 appellamus,
1247 531 1366 581 eos
1425 530 1473 580 a·
1508 515 1857 583 veteribus
1894 483 2290 602 perduelles
2389 577 2396 581 .

77 629 485 714 appellatos,
514 648 639 715 per
653 647 807 725 eam
828 629 1291 712 adjectionem
1311 631 1777 699 indicantibus
1794 653 1914 701 eos
1946 654 2101 702 cum
2130 637 2278 720 qui-

76 744 205 810 bus
235 744 496 812 bellum
540 748 721 811 esset
745 741 861 830 (1).
901 746 1280 830 Utrumque
1313 748 1587 814 videtur
1628 768 1666 814 e
1698 748 2033 817 varronis
2082 753 2296 837 copia--

74 861 559 947 depromptum
583 860 697 948 (2).
730 860 913 927 Nihil
944 861 1161 942 igitur
1191 861 1319 927 fuit
1346 861 1609 929 crimen
1637 865 2124 949 perduellionis
2145 870 2278 938 nisi

73 975 330 1042 bellum
362 977 423 1042 ei
449 976 809 1054 indictum,
835 977 951 1060 qui
978 977 1376 1073 perduellis,
1399 978 1470 1043 id
1510 983 1613 1044 est
1655 979 1873 1045 hostis
1911 999 2061 1055 esse
2091 983 2275 1064 judi-

72 1095 373 1157 caretur.
400 1094 660 1174 Legem
697 1096 925 1158 autem
942 1072 1328 1174 ‘'sacratam,
1359 1092 1592 1160 foedus
1633 1093 1708 1159 in
1755 1112 1959 1160 omne
2007 1098 2292 1182 tempus

68 1205 254 1272 inter
279 1207 624 1293 populum
658 1226 739 1273 ac
774 1194 1043 1292 plebem
1090 1209 1326 1287 ictum,
1381 1213 1447 1274 et
1483 1209 1843 1274 Fetialium
1884 1210 2275 1279 interventu

64 1327 379 1417 juratum
453 1329 520 1390 et
587 1327 926 1391 sancitum
988 1324 1198 1393 fuisse
1274 1325 1721 1410 probavimus
1743 1371 1758 1400 ,
1827 1314 2288 1409 tribunosque

71 1437 293 1521 ple‘bis
317 1459 442 1524 per
464 1440 689 1521 legem
725 1443 1092 1518 sacratam,
1121 1440 1191 1504 id
1225 1444 1328 1505 est
1350 1442 1512 1523 jure
1545 1441 1885 1522 gentium,
1922 1441 2135 1508 fuisse
2163 1438 2273 1509 Sa-

74 1543 506 1644 crosanctos.
551 1553 1044 1639 Qui-patricius
1069 1556 1421 1621 tribunum
1452 1556 1675 1640 plebis
1719 1556 1900 1622 facto
1916 1562 2035 1623 aut
2059 1560 2272 1625 verbo

71 1668 402 1745 violabat,
432 1669 684 1751 sceduS,
733 1672 1065 1754 quantum
1112 1670 1185 1735 in
1233 1674 1509 1757 seperat,
1567 1671 2041 1754 abrumpebat,
2090 1673 2273 1757 quod

75 1806 288 1854 unum
339 1793 503 1854 erat
526 1788 872 1854 societatis
906 1791 1085 1855 inter
1147 1790 1452 1874 plebeios
1518 1788 1975 1873 patriciosque
2030 1792 2270 1857 vincu-

73 1900 236 1969 lum.
270 1906 332 1968 A
355 1902 649 1972 tribunis
677 1902 894 1988 plebis
911 1907 1059 1989 jam
1090 1923 1233 1970 non
1254 1905 1452 1983 civiS,
1479 1903 1600 1969 sed
1626 1883 1855 1968 hostis*
1873 1903 2052 1988 plebi
2082 1905 2271 1987 judi—

74 2019 381 2087 cabatur.
412 2019 803 2087 ‘Perduellis
847 2026 1018 2088 erat.

153 2139 323 2202 Jure
380 2141 611 2202 autem
656 2138 966 2219 gentium
1005 2139 1317 2223 antiquO,
1359 2136 1576 2202 hostis
1602 2135 1976 2220 judicaluS.
2012 2136 2271 2203 indicta

73 2270 313 2333 causa,
354 2252 782 2319 mactabatur
843 2259 962 2321 aut
988 2273 1350 2321 servorum
1421 2254 1754 2338 supplicio
1819 2253 2264 2340 plectebatur.

69 2348 576 2434 Perduellionis
604 2368 945 2451 Judicium
984 2369 1190 2436 etiam
1220 2369 1294 2434 in
1339 2369 1562 2454 primo
1589 2370 1749 2451 jure
1764 2366 2133 2469 Quiritium
2164 2367 2269 2432 in-

69 2475 413 2542 venimus,
446 2473 801 2541 Duumviri
824 2474 1365 2561 perduellionem
1376 2475 1808 2559 judicabant,
1855 2477 1922 2540 et
1946 2495 2034 2542 ne
2068 2473 2270 2541 inno-

68 2591 222 2658 xios
254 2590 537 2676 quidem
566 2608 639 2655 se
663 2589 1021 2678 absolvere
1050 2609 1253 2676 posse
1273 2591 1622 2666 rebantur,
1642 2592 1881 2657 Poenae
1912 2594 2271 2665 exactores

71 2712 264 2775 erant
280 2707 513 2793 potius
543 2725 748 2792 quam
772 2707 1048 2791 judices
1097 2706 1233 2794 (3).·
1261 2708 1399 2773 Sub
1453 2708 1741 2789 regibus
1788 2726 1830 2772 a
1885 2705 2269 2774 duumviris
2315 2717 2320 2718 ’

70 2842 453 2910 provocare
479 2824 568 2890 ad
603 2826 956 2910 populum,
987 2824 1058 2890 id
1096 2828 1200 2890 est
1245 2824 1331 2889 ad
1394 2823 1685 2905 triginta
1732 2806 1985 2902 curiaS‚
2019 2823 2270 2890 licebat

70 2942 132 3005 et
157 2940 658 3025 provocatione
698 2944 986 3009 certare.
1029 2939 1098 3006 Si
1141 2938 1491 3005 duumviri
1539 2937 1899 3016 vicissent,
1934 2935 2266 3022 perduelli

63 3057 375 3140 jndicato
425 3061 631 3143 caput
679 3047 1185 3144 obnubebfatur,
1222 3055 1731 3138 colligabantur
1766 3073 2036 3121 manus,
2098 3056 2270 3121 Tum

68 3170 264 3239 lictor
296 3172 537 3239 arbori
562 3172 847 3252 infelici,
876 3173 946 3239 id
969 3176 1071 3239 est
1098 3171 1289 3240 cruci
1321 3168 1436 3259 (4),
1473 3170 1784 3237 damnati·
1809 3189 2062 3257 corpus
2090 3174 2271 3244 reste

71 3286 558 3376 suspendebat,
573 3288 757 3372 quod
791 3288 918 3376 sub
949 3288 1146 3355 furca
1174 3286 1400 3354 crucis
1428 3305 1645 3371 usque
1669 3287 1756 3352 ad
1785 3290 2077 3353 mortem
2111 3305 2269 3353 ver-

67 3398 469 3469 berabatur.

187 3519 439 3601 Duopr
471 3515 649 3607 imos
675 3516 834 3584 illos
856 3511 1170 3585 tribunos
1212 3516 1432 3602 plebis
1472 3516 1822 3602 perpetuis
1880 3515 2266 3583 duumviris

62 3631 561 3717 perduellionis
580 3634 655 3701 in
698 3634 971 3720 plebem
992 3634 1394 3719 judicandae
1433 3651 1645 3700 causa
1674 3633 1922 3701 creatis
1984 3631 2265 3696 adsimi-

132 3969 199 4042 (1)
226 3974 457 4043 Dim-ue,
489 3980 562 4039 50,
592 3981 664 4040 16,
693 3974 768 4029 Do
797 3978 1048 4029 verborum
1077 3960 1446 4045 siqnificatio'ne.
1478 3973 1684 4042 Fragm.
1718 3972 1853 4037 Gaii,
1884 3961 1983 4027 234.

127 4056 186 4131 (²)
217 4065 410 4126 Vane,
442 4062 503 4114 L.
534 4062 592 4116 L.
625 4080 675 4115 v.
710 4071 754 4116 3.

131 4147 198 4221 (³)
218 4145 433 4214 Liviae,
463 4152 512 4214 1.
538 4159 610 4214 26,

131 4233 196 4308 (⁴)
228 4241 372 4302 Cic„
397 4259 496 4308 pro
527 4242 585 4294 0.
616 4242 826 4299 Rabirio
843 4245 987 4311 perd.
1019 4261 1120 4308 reo,
1145 4252 1172 4299 4
1199 4253 1249 4297 et
1276 4246 1319 4297 5.
